1779 3095
355 173 1086 239 APPENDIX.
1271 186 1378 258 467

79 292 232 349 ναικῶν
265 302 551 347 ΗΞΟΔΟΣ.
618 302 768 345 ΤΩΝ
793 293 1006 361 γυναικῶν
1034 295 1244 350 Grotius
1271 301 1381 352 Ex-

82 388 243 473 eerpt.
282 397 336 449 p.
368 394 492 448 545.

23 2458 39 2483 l

152 528 213 580 P.
231 527 318 580 66.
361 528 421 578 In
438 529 640 579 Danaes
660 526 956 598 Sophocleae
979 528 1118 580 versu
1140 528 1382 591 secundO,

82 605 166 659 Σοῧ
205 601 376 660 παιδὸς
418 607 540 675 legit
586 605 909 676 Koppierfius
958 607 1080 658 Obs.
1128 607 1381 677 philolog.
1454 610 1456 613 ’

78 702 132 754 p.
159 682 245 753 85.
291 697 343 734 et
374 701 437 734 ne
466 685 711 735 Graecum
738 684 951 753 quidem
979 684 1074 735 effe
1101 685 1239 754 quod
1268 687 1384 735 vul-

81 778 233 836 gatur
256 766 497 817 affirmat.
565 766 659 816 Sed
687 765 886 818 frustra.
953 767 1096 817 Pisce
1123 766 1287 818 sanior
1314 766 1386 817 est

7 909 9 911 Ι
80 846 240 899 altera
264 847 416 899 lestio
445 866 472 898 a
500 848 710 918 Toupio
739 851 873 899 reete
900 848 1170 920 explicata.

162 1014 223 1066 P.
253 1012 421 1091 6831.
454 1032 504 1066 2.
584 1013 856 1084 Eupolidis
907 1013 1261 1085 fragmentum
1311 1017 1385 1068 ita

81 1092 402 1144 scribendum
444 1092 528 1148 est,
565 1092 731 1143 deleto
766 1089 856 1151 σῆς,
893 1094 1030 1163 quod
1070 1112 1133 1146 ex
1177 1095 1388 1146 articulo

83 1175 155 1236 τῆς
178 1176 230 1227 in
257 1176 444 1228 vicinia
469 1188 644 1227 natum
675 1176 761 1236 est,

202 1272 461 1325 Κάνταῦθα
488 1282 619 1325 ΤΗΣ
646 1282 961 1327 ΣΤΡΑΤΙΑΣ
986 1273 1173 1330 mamm
1202 1268 1243 1333 ἦν
1270 1274 1386 1346 02⁹4?-

89 1376 212 1444 Qo
238 1377 387 1446 paeto
412 1375 580 1426 versus
609 1376 861 1446 integram
890 1376 1192 1428 sententiam
1220 1375 1390 1426 absol-

88 1459 182 1518 vit,
210 1469 260 1508 et
289 1457 492 1508 numeri
520 1457 766 1509 suaviores
795 1457 944 1510 fiunt.
999 1459 1134 1509 Mox
1163 1457 1392 1521 Piersoni

89 1539 506 1592 emendationem
553 1539 733 1591 frustra
781 1541 1060 1611 improbat,
1110 1552 1161 1591 et
1206 1558 1393 1590 vocem

7 1681 12 1685 .
89 1622 303 1673 Graeciae
343 1626 574 1692 ignotam
616 1621 866 1682 defendit,
911 1625 1097 1674 merito
1125 1634 1393 1693 propterea

90 1718 119 1751 a
134 1696 392 1751 Brunckio
410 1700 486 1750 his
504 1700 663 1751 verbis
683 1700 943 1770 castigatus
953 1724 969 1759 3
1005 1701 1149 1753 Mira
1175 1720 1221 1752 eo
1243 1700 1396 1769 magis

89 1785 210 1837 mihi
227 1784 401 1836 accidit
417 1785 501 1835 illa
519 1784 625 1835 viri
635 1783 894 1836 eruditione
913 1796 958 1836 et
979 1782 1164 1855 ingenii
1179 1784 1392 1835 acumine

89 1866 354 1921 excellentis
371 1868 708 1938 interpretatio
728 1868 850 1939 quod
860 1867 954 1939 ipſs>
970 1868 1121 1919 Part.
1137 1866 1199 1917 ΙΙ.
1211 1879 1264 1937 p.
1275 1864 1394 1937 348.

89 1955 146 2007 de
163 1953 390 2006 adverbio
407 1948 551 2002 „6233ae
569 1955 670 2005 haec
690 1953 862 2005 tradat
874 1975 890 2004 .·
918 1966 945 1984 ‘⁶
958 1953 1043 2019 Est
1056 1964 1214 2003 autem
1229 1945 1395 2007 κύὲδὶι,

11 2096 19 2100 ,
91 2051 120 2069 “
139 2050 195 2089 ut
211 2037 327 2094 dixi,
342 2035 504 2105 σχῆμα,
520 2032 774 2110 ἀφροδίσιον,
785 2038 916 2107 idque
932 2025 1399 2105 armatis-proprium,

90 2135 120 2155 “
139 2121 195 2174 de
232 2141 318 2192 quo
356 2142 445 2174 non
466 2123 618 2193 semel
638 2122 976 2192 Aristophanes
1002 2122 1054 2172 in
1079 2118 1391 2189 Thesmopho-

90 2222 121 2242 “
139 2207 360 2274 riazusts.
422 2207 507 2276 Est
531 2219 578 2258 et
604 2205 925 2258 meretricibus
951 2204 1236 2256 commune.”
1275 2202 1295 2250 1
1304 2220 1388 2252 mo

93 2293 308 2364 nefimel
327 2290 522 2360 quidem,
563 2291 726 2347 cred0,
764 2290 816 2340 in
845 2289 1059 2339 Thesm.
1091 2286 1179 2337 nisi
1205 2303 1265 2336 ex
1292 2284 1391 2335 hoc

96 2377 212 2428 loco
238 2377 524 2428 emendato.

174 2527 234 2577 P.
257 2544 345 2596 71.
381 2519 418 2575 l.
444 2523 537 2576 ult.
563 2548 570 2555 ·
606 2518 731 2577 Non
760 2523 831 2575 est
860 2532 1056 2582 meum,
1098 2531 1235 2570 error
1264 2513 1321 2569 fit
1349 2518 1401 2569 in

102 2608 317 2669 GraeciS‚
359 2623 541 2665 necne,
586 2607 874 2658 decernere.
942 2604 1078 2671 Illud
1107 2603 1282 2654 saltem
1311 2599 1403 2648 de·

764 2689 815 2739 G
841 2705 875 2758 g
916 2705 945 2739 2
1203 2697 1406 2733 cernere
