1737 3085
676 405 1352 490 NOTAE

954 691 1064 741 IN

359 934 994 999 EPISTOLAM
1071 936 1658 1002 CRITICAM.

428 1272 547 1341 Pag.
568 1269 688 1337 418.
717 1270 754 1321 1.
786 1286 869 1321 11.
915 1267 1085 1321 Locus
1108 1269 1291 1322 Galeni
1310 1270 1379 1324 est
1398 1271 1452 1324 in
1477 1285 1663 1344 quarto

353 1356 418 1408 de
456 1356 705 1426 Hippocr.
739 1367 789 1406 et
828 1354 959 1406 Plat.
990 1355 1165 1425 dogm.
1206 1375 1251 1425 p.
1283 1355 1402 1413 280,
1429 1374 1515 1409 21.
1554 1358 1655 1413 Ed.

352 1440 462 1492 Bas.
487 1458 643 1511 quem
669 1439 868 1510 egregie
895 1440 1132 1491 emendat
1152 1440 1491 1499 CasaubonuS,
1519 1442 1570 1493 in
1596 1461 1660 1494 eo

351 1525 526 1577 leviter
567 1542 748 1585 ettam,
787 1524 925 1594 quod
963 1541 1056 1595 pro
1093 1521 1202 1588 τάχ’
1224 1523 1290 1588 ἐχ
1314 1543 1417 1576 non
1442 1520 1550 1577 τάδ’
1574 1526 1655 1577 sed

351 1609 477 1663 ταῦτ’
503 1611 716 1682 reponit.

423 1771 484 1823 P.
512 1771 638 1840 428.
706 1773 812 1823 Nos
844 1771 1068 1824 nonnulla
1103 1771 1173 1823 ad
1203 1771 1335 1823 Suid.
1374 1790 1422 1822 v.
1455 1765 1651 1842 Midan]

351 1857 551 1908 Mirum
577 1856 689 1907 sane
717 1873 780 1907 ex
813 1855 1033 1907 secundo
1074 1855 1318 1908 Nicarchi
1355 1855 1654 1908 hexametro

351 1943 563 1993 duxerat
589 1953 948 2011 argumentum
973 1939 1155 1991 Noster
1182 1940 1314 1992 Part.
1336 1939 1405 1990 ΙΙ.
1445 1959 1496 2010 p.
1525 1958 1654 2012 407.

349 2043 453 2096 quo
478 2025 712 2095 probaret
730 2024 916 2076 scilicet
937 2025 1154 2095 primam
1173 2025 1223 2075 in
1244 2024 1397 2075 κνίω-οι
1412 2023 1650 2093 syllabam
1699 2079 1703 2083 ,

349 2109 552 2179 corripi.
613 2108 708 2160 Sed
736 2106 1015 2175 &messano-&0
1040 2108 1170 2159 nihil
1197 2126 1472 2160 commune
1499 2107 1652 2171 habet

350 2213 473 2247 cum
497 2191 650 2244 κνίω-οι
674 2204 847 2264 praeter
882 2195 1080 2246 sonum.
1145 2193 1282 2245 Fluit
1309 2195 1445 2245 enim
1471 2194 1597 2245 illud
1624 2211 1653 2245 a

348 2277 494 2347 κνὶζω,
533 2277 671 2347 quod
702 2296 822 2329 cum
847 2278 899 2329 in
924 2277 1118 2330 Futuro
1152 2278 1372 2348 primam
1398 2278 1652 2348 corripiat,

349 2366 484 2416 redte
524 2363 679 2413 etiam
720 2362 997 2433 corripiunt
1038 2363 1213 2414 omnia
1253 2363 1372 2414 inde
1416 2362 1651 2413 derivata.

349 2449 421 2499 Et
437 2457 513 2498 tot
533 2446 589 2496 in
612 2446 906 2503 106ἰε,κνίω-οι
926 2447 1141 2517 primam
1164 2448 1415 2518 producit,
1443 2459 1497 2498 ut
1516 2446 1651 2497 Am-

348 2529 515 2603 phidis
541 2529 681 2583 locus
707 2530 767 2584 fit
791 2549 852 2584 ex
878 2531 940 2584 iis
973 2532 1312 2602 corrigendus,
1348 2550 1448 2583 non
1489 2548 1545 2582 ea
1587 2547 1651 2596 eg

351 2613 630 2688 Amphide⁰
1024 2628 1027 2629 ⁷
1666 2656 1668 2659 ⁴

1397 2754 1402 2760 ,
1422 2698 1495 2751 Ρ.
1519 2705 1650 2766 441.
