1737 3085
430 120 536 195 478
720 122 1452 179 APPENDIX.

504 236 563 289 P.
597 238 714 308 298.
753 258 800 290 v.
831 240 1118 311 ‘To-teimau]
1196 241 1317 293 Non
1370 243 1680 298 animadvert
1726 271 1737 304 a

430 314 670 384 Toupius
700 316 978 366 Menandri
1006 317 1360 387 fragmentum
1386 322 1592 372 Comici
1612 322 1690 374 eff
1726 333 1737 382 iz

428 414 534 448 non
553 396 823 456 Historici,
854 397 925 448 ita
946 398 1225 466 legendum
1245 415 1294 451 et
1322 403 1642 472 disponendu
1676 430 1687 451 ·

429 490 488 530 ut
511 476 831 529 trochaicum
853 479 1117 548 integrum
1138 499 1261 532 cum
1284 484 1501 534 dimidio
1521 485 1666 536 alteri
1697 532 1698 535 ,

428 559 654 610 efficiat:

533 650 654 711 Οὐχ)
680 646 1062 718 παρακληθειηοις
1043 652 1160 720 υμᾶς
1183 645 1240 704 δεῖ
1264 677 1354 728 γαρ
1380 665 1547 709 HMIN
1573 657 1688 710 εὐνοεῖ

533 730 650 785 AM'
674 736 880 803 ὑπάρχειν
904 735 1020 786 τοῦτο
1605 764 1609 773 ’

424 829 604 884 Sensus
627 833 715 893 est,
748 834 838 885 Vos
857 845 1044 905 oportet
1065 850 1260 907 rogatos
1283 849 1431 909 atque
1452 858 1544 891 non
1570 858 1692 910 roga

424 929 498 966 tos
537 913 668 965 nobzs
692 916 902 985 favere.
972 919 1267 987 Caliginem
1309 921 1403 971 viri
1446 935 1666 993 caeteroq

422 996 833 1068 perspicaciffimi
857 999 1018 1049 oculis
1042 999 1276 1052 offudisse
1298 1003 1501 1054 videtur
1521 1001 1694 1055 insoli‘

423 1075 676 1145 particulae
696 1074 782 1146 γὰρ
806 1077 1087 1127 collocatio.
1134 1079 1229 1129 Sed
1247 1079 1358 1130 vide
1376 1080 1670 1150 Antiphane

423 1151 558 1221 apud
586 1152 747 1203 Eum.
790 1154 927 1204 Part.
956 1155 1024 1205 ΙΙ.
1069 1173 1120 1224 p.
1152 1155 1271 1226 156.
1327 1158 1532 1210 Locum
1559 1157 1697 1210 hun

422 1245 678 1303 quantum
706 1235 944 1296 memini,
985 1237 1156 1289 omifit
1188 1237 1449 1294 Clericus·

493 1384 550 1435 P.
576 1401 698 1456 300.
737 1382 1066 1451 varrus'pcoem.
1126 1388 1243 1438 Hoc
1269 1387 1605 1459 Epigramma
1628 1391 1698 1442 it
1732 1395 1737 1428 ⁵

422 1470 540 1512 rum
571 1467 784 1513 tentavit
813 1462 1001 1514 Noster
1028 1466 1153 1516 Cur.
1186 1465 1385 1517 Noviff.
1425 1484 1479 1536 p.
1509 1467 1648 1538 183.'
1681 1490 1688 1494 ·

417 1557 512 1611 pro
537 1539 768 1591 ὑπὲκζαιλε
794 1542 913 1610 legit
940 1541 1181 1617 ὑπὲξὲοιλε.
1233 1543 1326 1594 Sed
1348 1561 1516 1595 veram
1544 1545 1693 1596 leolio
1730 1559 1737 1612 ς

420 1635 562 1675 nem,
607 1618 826 1668 mirifice
873 1631 1045 1669 tamen
1092 1620 1358 1690 deceptu3‚
1407 1620 1693 1674 conservavi
1731 1625 1737 1673 i

420 1699 617 1749 Suidas.
662 1700 968 1769 Legendum
991 1700 1130 1751 enim
1150 1719 1271 1752 cum
1291 1703 1556 1754 Brunckio
1574 1700 1691 1756 Ana]
1730 1723 1737 1755 (

417 1779 535 1830 least.
569 1780 639 1831 T.
661 1781 735 1832 ΙΙ.
777 1801 830 1851 p.
855 1798 978 1847 242.
1046 1782 1367 1835 Ruhnkenio
1393 1785 1555 1856 Epist.
1586 1785 1704 1845 Cri„

417 1879 472 1931 p.
505 1879 570 1931 29
581 1879 628 1932 5.
1375 1860 1379 1863 ’
1704 1892 1706 1896 ’

634 1948 930 1992 --ΥΠΑΙ
955 1949 1237 1993 ΜΑΚΕΤΗι
1267 1943 1325 1994 Δ’
1351 1942 1566 2016 Ἀρεθέσῃ

561 2024 732 2087 Κᾶσοᾳ,
772 2022 938 2098 ἑτεαρεὶῃ
962 2029 1097 2094 τίμιος
1121 2024 1359 2096 Ἀρχέλεω.

497 2173 557 2225 Ρ.
584 2192 704 2244 302.
736 2175 772 2226 l.
801 2193 884 2228 20.
952 2176 1096 2246 Qid
1127 2177 1399 2247 Toupium
1428 2176 1707 2248 impulerit.
1735 2200 1737 2229 ι

417 2266 474 2305 ut
502 2255 898 2326 Aristophanem
936 2258 1247 2318 sollicitaret,
1289 2276 1410 2310 cum
1451 2259 1705 2313 Bruncki

405 2336 556 2405 juxta
576 2338 775 2407 ignoro.
826 2338 1014 2390 Nihilo
1034 2338 1234 2390 felicior
1251 2338 1352 2392 fuit
1379 2359 1431 2411 p.
1452 2357 1574 2414 303.
1605 2340 1699 2413 L5

410 2419 464 2468 in
497 2418 760 2488 Euripidis
790 2421 1054 2481 verficulo,
1097 2422 1186 2491 qui
1214 2421 1486 2474 manifesto
1513 2423 1705 2494 spuria«

411 2498 501 2557 est,
544 2503 864 2552 emendando
888 2525 903 2560 3
945 2503 1083 2572 quod
1112 2521 1216 2554 non
1245 2504 1674 2557 animadvertent

411 2578 672 2644 Reiskius,
703 2583 1106 2647 ValckenaeriuS,
1134 2584 1500 2647 Marklandu8‚
1527 2603 1700 2638 omn

1470 2679 1649 2721 cettan
1663 2690 1703 2709 w
