1779 3095
356 374 1036 472 NOTAE

647 656 745 704 IN

53 875 545 948 PARTEM
634 890 1325 966 SECUNDAM.

116 1151 176 1203 P.
198 1168 223 1202 2
234 1169 314 1224 32.
342 1155 376 1206 1.
395 1171 446 1225 7.
502 1155 776 1215 Menandri
802 1178 1023 1221 veterem
1050 1168 1343 1242 scripturam

45 1237 225 1290 retinet
263 1238 577 1311 Musgravius
616 1246 670 1298 in
709 1252 934 1321 margine
978 1258 1344 1326 exemplarisa

24 1335 129 1371 -me
154 1321 378 1393 inspecti,
420 1340 469 1377 et
497 1328 867 1401 interpretatur,
906 1338 1019 1391 Non
1046 1340 1187 1392 valde
1211 1341 1341 1394 dives

44 1417 167 1462 erat,
203 1408 289 1476 qui
307 1408 488 1479 quidem
514 1414 715 1468 aedituus
739 1416 859 1487 fft.

116 1545 178 1598 Ρ.
211 1566 333 1620 234.
373 1552 410 1602 1⁵
446 1570 524 1604 10.
587 1549 728 1609 Vitio
760 1559 952 1614 laborat
989 1562 1097 1616 haec
1134 1567 1342 1637 conjec-

42 1640 170 1690 tura,
210 1650 320 1702 quae
359 1635 522 1688 nescio
548 1643 805 1709 quomodo
833 1656 1002 1698 tamen
1029 1649 1223 1718 placere
1251 1669 1345 1722 po-

43 1714 143 1767 tuit
168 1715 510 1772 Valckenaerio
535 1722 754 1780 Diatrib.
794 1746 846 1799 p.
872 1746 901 1798 5
909 1748 957 1798 5.
1021 1734 1169 1800 Joan.
1199 1735 1340 1790 Hen.

41 1815 135 1850 van
172 1800 261 1852 der
298 1803 461 1856 Palm.
503 1809 694 1861 Annot.
736 1813 788 1863 in
828 1815 1108 1868 Ecclefiast.
1135 1819 1253 1871 XII.
1285 1842 1340 1892 7.

42 1899 92 1952 p.
117 1901 232 1954 ¹93·
287 1885 446 1938 Recte
468 1891 678 1959 quidem
705 1894 906 1956 dicitur,
947 1897 997 1953 εἷς
1029 1899 1152 1956 τέλος
1176 1903 1248 1953 τοῦ
1272 1904 1344 1977 ζῇν

39 1966 286 2040 ἀφικνεῖοῗξ.
344 1971 435 2023 Sed
467 1993 567 2026 non
594 1995 656 2028 ex
684 1997 743 2030 eo
761 1978 996 2051 sequitur,
1023 1988 1156 2037 recte
1183 1989 1340 2044 etiam

43 2050 160 2111 dici,
199 2052 254 2107 eis·
292 2052 338 2104 τὶ
380 2054 447 2125 ζῆν
486 2060 761 2125 ἀφικνεῖἱοθεᾳ.
828 2066 1029 2118 Deinde
1064 2070 1193 2122 bona
1219 2092 1342 2127 cum

39 2135 184 2186 venia
220 2136 523 2198 Vauvillerii,
562 2142 658 2195 five
696 2147 944 2200 Parisinus
984 2148 1232 2208 Professor
1274 2157 1339 2209 li-

43 2215 244 2271 bentius
273 2224 430 2284 audit,
470 2225 516 2275 τὸ
554 2226 622 2299 ζῆν
657 2247 749 2299 pro
774 2233 943 2286 iambo
969 2235 1092 2288 stare
1119 2257 1218 2291 non
1246 2259 1342 2311 po-

41 2300 151 2354 test.
214 2304 444 2359 Humani
483 2311 670 2382 aliquid
708 2315 870 2385 paffus
904 2320 972 2370 est
1001 2323 1339 2390 praestantiffi-

36 2403 154 2438 mus
176 2387 520 2451 Marklandu3‚
546 2397 596 2447 in
619 2416 941 2472 erroremque
969 2405 1166 2459 fortaffe
1193 2409 1340 2462 Tou-

40 2470 186 2541 pium
204 2472 424 2527 induxit.
476 2478 688 2548 Legerat
710 2486 849 2536 enirn
873 2487 929 2543 is,
953 2489 1200 2560 Explicat.
1223 2491 1342 2546 Vet-

21 2568 88 2621 p.
118 2569 146 2602 2
154 2571 237 2623 50.
276 2556 333 2611 εἰς
357 2556 416 2609 r&
442 2559 595 2629 ζῶντα,
633 2569 770 2636 quod
799 2569 852 2620 in
881 2573 1060 2624 eodem
1087 2574 1196 2627 luto
1235 2577 1342 2629 hae-

44 2634 172 2688 fitat.
212 2637 516 2697 Notandum
544 2647 706 2701 obiter
731 2652 923 2722 pejores
946 2655 1209 2727 Sophoclis
1230 2661 1341 2711 edi-

115 2720 254 2787 VoL.
284 2723 377 2778 IV.
791 2734 836 2789 F
861 2735 890 2790 f
1176 2743 1340 2798 tiones
