1779 3095
319 204 1068 267 ΑΡΡΕΝΒῙΧ.
1235 227 1359 293 437

117 322 172 377 Ρ.
200 339 285 377 22.
345 324 433 376 Ex
456 322 820 397 Iambographo.
828 323 850 396 ]
910 324 995 379 Ex
1018 323 1125 397 ipso
1146 323 1347 411 Sopho-

45 410 143 474 cle,
182 421 246 481 ut.
264 407 482 461 videt-ur.

115 553 174 605 Ρ.
194 570 224 607 2
231 570 281 625 5
309 551 346 604 1.
364 566 448 626 ⁹51·
510 548 582 603 Kv'
578 564 694 602 λικα.
721 551 802 604 ed.
828 551 950 604 Ald.
977 545 1229 628 Caeterum
1254 553 1352 608 dis-

43 635 217 692 tichon
254 636 356 688 hoc
393 653 498 687 non
539 636 842 688 meminerat
881 636 1118 709 Toupius
1159 638 1351 692 exstare

47 721 176 775 inter
202 718 507 773 Callimachi
531 720 900 792 epigrammata
923 738 974 773 n.
991 719 1078 791 38.
1129 720 1273 783 Πυκνῆ
1298 736 1350 778 et

46 802 180 868 συχνῆ
225 816 582 876 permutantur
629 805 686 859 in
727 802 1075 879 Theopompo
1114 806 1354 863 Athenaei

45 889 134 945 XI.
171 908 222 962 p.
248 889 376 963 485.
414 889 478 943 C.
501 889 565 943 F.

121 1042 183 1094 P.
213 1039 304 1095 28.
372 1041 435 1094 In
476 1039 560 1095 his
605 1039 994 1113 epigrammatis
1036 1040 1361 1112 corrigendis,

50 1123 322 1194 Toupium
342 1123 574 1195 sequitur
591 1123 978 1178 Valckenaerius
998 1123 1061 1175 ad
1083 1124 1352 1194 Euripidis

50 1205 281 1277 Hippol.
339 1224 395 1260 11
413 1223 497 1274 14.
576 1205 906 1277 Hesychium
957 1206 1141 1258 eodem
1192 1205 1352 1258 modo

54 1288 353 1344 emendarat
378 1285 716 1350 AbreschiuS,
757 1290 822 1342 ab
849 1287 1070 1341 Alberto
1095 1287 1355 1340 laudatus,

127 1436 189 1493 P.
220 1455 303 1508 30.
332 1438 373 1490 γ1.
408 1453 489 1509 17.
547 1437 717 1511 Πομπξῐ
748 1433 924 1507 κράῖῐονι
951 1441 1085 1492 recte
1110 1437 1359 1507 interpre-

0 1586 9 1596 Ι
53 1527 189 1570 tatur
217 1516 467 1569 Gavellus
494 1516 631 1587 apud
653 1515 1004 1571 Abresehium
1030 1514 1272 1569 Addend.
1302 1514 1360 1568 in

57 1598 419 1655 Animadvers.
447 1596 682 1670 AEschyl.
722 1617 777 1672 p.
807 1600 838 1651 6
845 1616 933 1672 53

124 1748 179 1801 Ρ.
211 1765 292 1818 32.
353 1748 415 1802 In
453 1748 811 1821 Xenophontis
853 1748 1194 1821 fragmento'
1182 1767 1287 1810 ισ-χυ
1286 1765 1364 1816 pavr

52 1825 208 1879 habet
228 1826 349 1878 MS.
374 1826 574 1878 Suidae
559 1845 615 1877 1n
634 1825 958 1879 bibliotheca
979 1823 1208 1895 Collegii
1225 1825 1361 1875 Cor-

55 1908 192 1980 poris
239 1906 434 1960 Christi
480 1908 620 1979 apud
664 1907 1003 1967 OxonienseS,
1055 1924 1216 1977 quem
1258 1902 1365 1975 ipse

54 1990 222 2043 obiter
247 1989 465 2061 inspexi.
524 1992 770 2043 Errorem
799 1989 965 2041 Suidae
992 1988 1091 2041 five
1120 1986 1361 2039 librario·

56 2090 173 2143 tum
202 2072 414 2144 castigat
439 2071 755 2126 Abreschius
781 2070 1019 2125 Dilucid.
1051 2066 1361 2140 Thucydid.

59 2173 112 2227 P·
144 2172 269 2228 594·

144 2300 206 2354 P.
241 2318 267 2372 3
278 2315 327 2370 5.
395 2296 732 2370 Toupianam
758 2295 1017 2368 Propertii
1043 2290 1369 2347 emendatio-

60 2390 180 2434 nem
206 2381 390 2454 probat
417 2379 729 2433 Schraderus
756 2377 1038 2432 Emendat.
1080 2396 1136 2449 p.
1169 2391 1291 2429 122.

132 2531 194 2582 Ρ.
219 2529 304 2601 38.
342 2529 380 2582 l.
408 2548 493 2584 11.
559 2532 669 2584 Hic
697 2549 876 2586 verum
909 2531 1000 2593 est,
1041 2528 1182 2604 quod
1211 2526 1368 2599 paulo

69 2623 190 2663 ante
216 2612 479 2665 observavi
499 2613 562 2664 ad
589 2633 643 2686 p.
664 2614 753 2669 28.
807 2616 919 2668 Aut
943 2613 1224 2687 legendum
1249 2626 1376 2662 cum

36 2686 50 2690 ’
69 2691 312 2790 Piersono
342 2694 404 2746 ad
434 2694 634 2749 Moerin
674 2714 883 2828 p-Enl.
932 2730 935 2731 ν
1286 2772 1331 2817 K
1366 2762 1377 2781 „

789 2790 818 2825 e
856 2789 886 2843 3
1208 2792 1215 2800 ‘
1335 2787 1377 2827 ‘²⁶¹
