1737 3085
393 185 500 256 456
684 191 1398 266 APPENDIX.

389 304 447 356 in
487 310 717 379 margine
751 312 871 367 libri
915 318 989 370 sui
1027 340 1313 381 correxerat
1356 332 1680 404 Musgravius

389 383 410 432 ὁ
433 388 698 460 μακαρίτης.
764 392 822 442 In
847 396 1197 468 Aristophanis
1226 408 1364 460 versu
1399 414 1528 480 apud
1567 414 1681 465 Sui-

387 466 506 518 dam
529 469 676 528 ἦλόησε
697 476 829 525 redte
849 480 1068 544 praebent
1091 485 1204 537 MS.
1218 491 1362 542 Leid.
1384 495 1514 563 apud
1533 496 1685 552 Vale,

385 542 573 598 kenaer.
604 549 885 605 Animadv.
917 557 979 607 ad
1007 560 1240 617 Ammon
1273 586 1326 638 p.
1350 586 1437 621 21.
1478 585 1528 623 et
1557 572 1674 624 MS.

389 627 621 678 C.C.C.
651 631 828 690 Oxon.
912 637 1049 690 Mox
1100 644 1269 698 nescio
1320 650 1444 724 quid
1494 655 1681 705 Virum

380 703 689 771 μετρικῶτωτον
716 709 990 780 impulerit,
1031 731 1086 769 ut
1112 739 1174 776 ex
1200 725 1473 794 Sophronis
1498 732 1676 799 verbis,

380 779 435 829 in
462 781 651 848 quibus
679 789 835 838 metri
860 807 957 843 nec
985 794 1096 845 vola
1123 814 1216 850 nec
1253 802 1542 875 vestigium,
1571 809 1677 862 sca-

381 855 594 915 zon'tem
622 869 903 922 extundere
930 889 1217 934 conaretur.
1385 878 1394 880 ”

449 1023 508 1074 Ρ.
534 1040 559 1092 3
571 1039 599 1092 5
607 1040 655 1092 5.
703 1026 867 1083 Κώνους
885 1031 936 1082 in
958 1033 1167 1104 Polybio
1192 1037 1465 1108 legendum
1487 1046 1677 1100 viderat

374 1100 488 1166 Jac,
504 1102 800 1159 Gronovius
819 1107 1079 1162 Differtat.
1097 1113 1363 1194 EpistoliC.
1379 1121 1440 1172 ad
1459 1122 1674 1178 Livium

373 1197 429 1250 p.
465 1199 549 1243 11,

450 1359 574 1413 359.
630 1346 988 1419 Aristophanis
1008 1353 1237 1408 Acharn.
1261 1358 1386 1430 458.
1414 1362 1546 1414 male
1567 1365 1669 1421 sol-

372 1421 592 1480 licitavit
620 1427 876 1499 ToupiuS.
943 1434 1152 1502 Jamdiu
1180 1438 1267 1499 est,
1309 1443 1448 1511 quod
1478 1446 1668 1498 Casau-

371 1504 538 1562 bonus
566 1508 628 1560 ad
657 1508 1001 1583 Theophrast.
1030 1517 1187 1570 Char.
1211 1523 1304 1573 XI.
1339 1542 1390 1594 p.
1424 1542 1541 1593 104.
1585 1529 1665 1581 ed.

367 1581 660 1640 Needham.
673 1607 847 1643 veram
861 1593 1131 1648 lectionem
1151 1595 1413 1654 ΚὸῙυλίσ-κιον
1428 1622 1490 1655 ex
1506 1604 1669 1658 Athe-

368 1682 478 1717 naeo
503 1680 552 1719 et
573 1671 841 1724 Eustathio
859 1677 1082 1743 protulit,
1102 1696 1255 1749 quam
1274 1681 1492 1751 sequitur
1511 1688 1668 1741 etiam

368 1741 787 1807 Hemsterhufius
816 1751 875 1801 ad
913 1752 1141 1820 Hesych.
1186 1759 1395 1815 Auctar.
1437 1762 1662 1820 Emend.

366 1819 458 1870 sub
481 1821 569 1872 fin.
629 1825 800 1898 Magis
828 1829 956 1880 mira
980 1830 1088 1882 haec
1115 1834 1304 1904 Toupii
1329 1833 1668 1909 παρκὸιόρθωσ-ις

368 1897 584 1959 accidit,
651 1904 792 1973 quod
841 1905 947 1974 ipse
998 1909 1152 1977 paulo
1203 1924 1320 1963 ante
1372 1915 1665 1972 Pherecrati

366 1975 622 2037 κοτυλίσκην
649 1997 737 2048 pro
765 1983 974 2041 κυλίσκην
1005 1986 1291 2040 reddiderit.
1357 1992 1664 2064 anuam

367 2049 431 2103 ab
458 2052 680 2107 instituti
707 2059 902 2110 ratione
929 2059 1154 2114 alienum
1187 2065 1275 2126 est,
1319 2085 1422 2119 non
1462 2071 1662 2140 poffum

366 2130 531 2185 facere
560 2137 688 2206 quin
714 2140 884 2191 obiter
905 2159 1165 2206 moneam,
1194 2148 1410 2200 meliora
1428 2152 1544 2204 dare
1564 2174 1662 2225 po-

364 2213 513 2265 tuifi'e
537 2219 864 2272 Brunckium
890 2223 941 2273 in
961 2225 1156 2279 Lexico
1180 2229 1465 2299 Sophocleo
1493 2253 1545 2304 p.
1568 2237 1658 2292 62.

364 2293 417 2344 b.
462 2296 497 2346 fi
525 2299 901 2357 Hemsterhufii
928 2319 1103 2359 notam
1132 2312 1286 2362 modo
1321 2330 1661 2380 memoratam

362 2374 579 2446 legiffet.
646 2383 837 2454 Neque
863 2388 1002 2438 enim
1032 2389 1499 2460 Harpocrationem
1535 2398 1660 2453 falso

361 2457 531 2513 citaffe
557 2461 835 2538 suspicatus
856 2468 993 2528 effer,
1014 2487 1108 2520 nec
1131 2473 1497 2546 Tyheognidem
1520 2482 1656 2533 Pen-

363 2549 583 2598 tametro
622 2545 851 2606 auxiffet,
892 2548 974 2600 sed
1009 2569 1073 2601 ex
1105 2554 1367 2625 Hesychio
1393 2562 1655 2630 optimum

361 2630 414 2680 et
440 2638 556 2681 vere
583 2619 927 2698 Sophocleum
955 2631 1205 2695 senarium
1240 2639 1527 2712 reduxisset,
1566 2647 1657 2701 Ὡς

1553 2733 1661 2801 μήτε
1708 2797 1710 2800 ,
