1779 3095
290 178 1027 241 APPEN-DIX.
1210 196 1316 253 443

93 307 157 359 P.
192 320 306 375 134.
343 304 378 355 l.
407 320 456 373 ς.
506 299 743 353 Eundem
769 295 1036 349 articulum
1061 293 1200 347 addit
1225 295 1323 346 Al·-

26 393 162 448 dina,
194 407 349 461 quem
379 389 443 440 fic
468 384 824 456 conceperim:
862 380 990 457 ’‘2'}
1027 386 1320 436 AOTIKHI,

30 471 252 549 Στςαίῖηγῷ
276 466 523 542 δικάζομεν,
549 469 710 521 forsan
733 484 795 520 ex
822 462 1165 515 Demosthene
1193 461 1233 515 F
1239 460 1322 512 als.

30 559 160 628 Leg.
201 575 253 631 p.
283 571 410 625 233.
449 554 529 605 ed.
557 552 769 623 Taylor.
798 567 922 620 449,
961 548 1042 598 ed.
1071 542 1241 596 Reisk.

54 743 63 772 .·
99 707 158 761 P.
182 726 202 761 1
216 709 304 776 36.
343 706 710 777 Fragmentum
730 702 989 774 Euripidis
1010 720 1036 753 a
1055 696 1330 751 Plutarcho

22 794 107 868 *bis
133 793 398 845 laudatum
423 808 486 841 ex
509 789 720 840 Troasin
748 788 969 857 petitum
996 783 1090 835 effe
1129 782 1329 835 monuit

31 877 402 936 Valckenaeerius
428 877 487 927 ad
520 873 757 945 Euripid.
787 869 1021 927 Phoeniff.
1061 888 1107 941 p.
1131 885 1185 936 9.

58 1094 67 1102 ·
103 1029 164 1088 P.
199 1047 316 1100 147.
354 1028 390 1083 l.
425 1043 501 1095 14.
575 1003 700 1077 Αὐτιὶ
745 1026 880 1078 reete
923 1022 1169 1073 omittunt
1214 1017 1330 1071 edd.

32 1116 173 1176 Med.
194 1118 316 1169 Ald.
335 1116 419 1168 sed
439 1113 766 1187 interpolavit
787 1113 985 1168 Portus,
1008 1123 1062 1162 ut
1083 1108 1334 1162 senarium

33 1202 220 1276 scilicet
243 1201 483 1273 expleret.

105 1334 166 1394 Ρ.
202 1357 316 1409 149.
352 1338 389 1390 1.
423 1354 505 1390 10.
567 1329 755 1387 Ἐνθοιδὶ
780 1333 895 1385 MS.
922 1330 1143 1384 C.C.C.
1166 1328 1335 1380 Oxon.

89 1498 174 1571 ·P.
211 1511 332 1566 151.
400 1492 685 1561 Versiculum
722 1491 852 1562 ssum
879 1489 1087 1542 Paulino
1114 1487 1195 1557 tffit
1219 1485 1339 1538 cele-

37 1581 290 1638 berrimum
314 1577 571 1648 Euripidis
592 1587 738 1627 vocat
755 1575 903 1649 Joan.
925 1572 1177 1625 Miltonus
1198 1567 1346 1640 praef„

39 1666 102 1719 ad
140 1663 432 1717 Samsonem
471 1659 769 1731 Agonisten,
808 1657 1040 1727 Euripidi
1066 1653 1107 1726 :a
1141 1654 1341 1705 Socrate

41 1748 136 1801 III.
167 1749 246 1801 16.
285 1747 536 1799 tributum
563 1755 741 1796 notant
769 1741 1053 1791 Gatakerus
1078 1737 1338 1789 Adversar-

40 1841 94 1896 p.
119 1836 235 1893 174.
275 1821 506 1873 Potterus
529 1823 589 1874 ad
614 1817 871 1871 Clement.
903 1811 1174 1864 Alexandr.
1203 1810 1339 1865 Paed.

41 1895 109 1953 Π.
147 1913 196 1966 p.
229 1894 346 1965 198.

113 2039 171 2091 Ρ.
204 2056 224 2091 1
237 2055 321 2112 55.
358 2039 396 2090 l.
431 2037 513 2092 16.
579 2034 809 2088 Verbum
846 2030 993 2084 nihili
1021 2024 1228 2095 φιτεόπις
1253 2027 1345 2079 So·-

44 2124 212 2197 phocli
240 2123 498 2175 restituere
525 2121 633 2174 vult
656 2119 861 2172 Noster,
897 2133 1016 2169 curn
1044 2131 1214 2167 veram
1240 2111 1346 2161 lec-

43 2210 237 2263 tionem
275 2226 302 2258 a
339 2206 584 2257 Turnebo
620 2204 674 2254 in
712 2219 814 2254 var.
841 2200 954 2251 leet.
987 2194 1257 2248 Scholiaste
1296 2204 1348 2248 et

45 2292 255 2351 Thoma
295 2291 543 2359 Magistro
589 2298 925 2339 memoratam
971 2281 1165 2332 dudum
1203 2296 1349 2330 com-

49 2374 321 2437 mendaffet
345 2375 420 2429 H.
450 2372 750 2443 Stephanus,
817 2367 1048 2420 Eandem
1090 2382 1152 2420 ex
1192 2361 1346 2418 Mss,

48 2466 206 2531 nuper
231 2460 388 2511 edidit
413 2456 712 2510 BrunckiuS.
777 2451 890 2504 Pari
929 2467 1092 2501 errore
1130 2446 1351 2515 Scaliger

51 2553 102 2611 et
127 2543 372 2594 Stanleius
400 2538 555 2610 φιτεύει
580 2541 631 2591 in
652 2535 876 2606 AEschyl.
896 2534 1072 2604 Suppl.
1092 2531 1210 2603 318.
1236 2546 1351 2580 cor,

55 2625 241 2712 vigunt,
280 2644 400 2688 cum
435 2624 676 2677 deberent
715 2618 869 2690 φιτύει.
930 2618 1032 2682 Eos
1071 2629 1242 2671 tamen
1281 2610 1354 2663 se÷.-

1179 2705 1352 2771 quitur
