1737 3085
352 180 459 291 470
646 221 1358 286 APPENnrx.

351 336 512 390 mitius
532 358 632 390 eum
638 343 828 410 stntz're
849 366 988 415 quam
1008 349 1147 418 loqui.
1201 353 1416 406 Photius
1439 375 1649 431 quoque

349 413 446 464 MS
499 415 733 471 05724925:
779 444 824 470 π
852 447 932 484 ³21·
995 426 1235 482 Ceterum
1281 432 1391 503 lege
1430 435 1554 495 κενεῆ,
1593 450 1650 489 ut

348 489 464 543 finis
493 494 552 544 sit
581 500 912 564 pentametri.

423 651 482 700 P.
509 667 628 718 124.
659 653 694 705 l.
718 673 768 725 3.
835 656 1040 711 Falsum
1070 661 1138 713 est
1166 666 1303 733 quod
1332 667 1521 721 Grotio
1541 671 1646 722 im-

344 743 494 799 putat
512 732 717 785 Noster.
769 737 980 791 Grotius
1003 746 1140 794 enim
1171 747 1436 816 vulgatum
1462 751 1642 802 defen·-

344 811 440 870 dit,
482 815 620 883 quod
655 816 890 871 fecerunt
932 823 1017 874 alii
1059 839 1110 876 et
1149 841 1328 880 contra
1368 834 1639 903 Toupium

343 891 470 947 fecit
496 895 827 969 Koppierfius
866 921 919 973 p.
954 903 1157 978 82—3.

414 1050 473 1102 P.
501 1070 613 1125 1²5·
642 1076 686 1107 v.
705 1057 885 1116 Πυθέας.
943 1063 1243 1134 Legendum
1273 1076 1526 1121 ΤΡΑΧΥΣ
1552 1087 1643 1139 pro

339 1141 577 1190 ΘΡΑΣΥΣ
601 1159 664 1192 ex
688 1147 1039 1199 emendatione
1067 1150 1367 1203 Ruhnkenii
1393 1156 1452 1204 ad
1474 1153 1638 1229 Rutil.

336 1219 473 1291 Lup.
513 1240 559 1291 p.
589 1225 675 1292 38.
719 1229 804 1278 ubi
830 1229 1015 1301 ἐνεκρίθη
1046 1235 1192 1286 tacite
1232 1236 1500 1307 affumpffi,
1540 1256 1640 1307 qua

340 1308 516 1349 tamen
544 1303 836 1372 conjectura
864 1307 991 1360 nihil
1023 1329 1149 1381 opus
1178 1312 1273 1363 effe
1295 1314 1398 1384 ipse
1419 1314 1642 1367 ostendit

341 1379 482 1432 Hist.
514 1383 644 1445 Crit.
671 1387 841 1439 Graec.
870 1391 1016 1442 Orat.
1053 1411 1108 1464 p.
1127 1395 1285 1448 xcvii.

407 1549 472 1600 P.
508 1566 627 1620 131.
669 1551 705 1604 l.
739 1574 787 1624 3.
843 1556 997 1625 Qod
1028 1560 1362 1631 Epigramma
1388 1564 1637 1618 emenda-

336 1639 450 1680 tum
470 1630 517 1680 se
538 1633 587 1684 su
598 1634 883 1701 bjesturum
903 1643 1162 1709 promittit
1176 1645 1433 1714 ToupiuS,
1455 1662 1634 1699 emen-

338 1711 515 1763 datum
549 1713 660 1781 jam
691 1718 968 1787 subjecerat
998 1723 1231 1795 Heringa
1259 1727 1386 1780 Obs.
1428 1746 1481 1798 p.
1512 1746 1632 1801 143.

410 1876 467 1924 Ρ.
499 1893 614 1945 133.
651 1879 684 1929 l.
713 1882 789 1933 18.
850 1885 1112 1950 Συνωλεχῶς
1141 1901 1189 1938 et
1215 1891 1502 1954 συνειλοχότες
1527 1893 1637 1944 Βεε-

336 1952 591 2004 mostheni
635 1969 684 2007 et
728 1958 1032 2015 Philostrato
1074 1965 1326 2016 reddenda
1361 1969 1636 2020 arbitratur
1718 2008 1722 2016 .

335 2031 721 2088 Valckenaernus
752 2041 812 2108 ad
840 2043 990 2109 joan.
1022 2045 1371 2115 Chrysostom.
1401 2050 1548 2104 Orat.
1578 2054 1632 2104 in
1716 2088 1721 2096 ι

337 2113 477 2168 laud.
508 2119 655 2170 Pauli
695 2140 746 2191 p.
780 2141 866 2194 35.
1621 2132 1624 2136 ⁵

408 2266 465 2316 P.
501 2284 613 2332 141.
654 2291 700 2322 v.
726 2270 929 2339 Ῥύγχος.
1004 2278 1229 2332 Lexicon
1268 2282 1633 2337 Coissinianum

334 2343 516 2395 eodem
540 2348 697 2398 modo
717 2354 1009 2405 emendarat
1025 2357 1256 2428 Heringa
1279 2361 1404 2411 Obs.
1432 2360 1485 2432 p.
1502 2365 1626 2431 296.

333 2424 559 2478 addens:
606 2429 790 2482 Versus
816 2450 988 2499 autem
1018 2438 1102 2487 hic
1139 2441 1324 2492 citatus
1363 2442 1629 2513 legebatur
1713 2491 1717 2495 .

332 2504 388 2564 in
421 2508 677 2571 Adonide,
720 2531 821 2564 una
860 2519 1233 2572 comoediarum
1274 2523 1446 2593 ipfius,
1487 2526 1630 2595 quod
1701 2568 1709 2578 -,

335 2603 420 2637 me
447 2590 622 2643 docuit
649 2594 845 2646 Athen.
877 2600 941 2649 L.
963 2602 1062 2651 ΙΙΙ.
1102 2621 1153 2672 p.
1180 2621 1266 2675 95.
1331 2606 1532 2658 Deinde
1557 2607 1631 2672 ita
1690 2615 1718 2659 (ἒ

331 2664 623 2736 disponendi
649 2671 760 2725 sunt
787 2676 950 2742 versus
979 2696 1041 2747 ex
1067 2678 1209 2736 Πανὸς
1231 2682 1393 2748 γενεᾶς·
1435 2682 1438 2683 ’

1503 2770 1711 2837 Οᾼ’;
