1779 3095
316 158 1054 211 APPENDIX.
1238 164 1348 236 465

27 334 30 338 ⁴
120 265 177 324 P.
195 272 280 344 36.
303 271 339 323 l.
362 287 443 340 13.
497 272 658 322 Reste
681 270 879 324 videtur
904 270 1189 324 Brunckius
1216 287 1353 331 ΠΑΙ-

46 361 306 410 ἸΔΟὙΣΣΑ
344 369 395 407 et
430 361 818 407 ΤΕΚΝΟὙΣΣΑ
840 354 1155 407 Callimacho
1181 374 1230 410 et
1259 361 1356 414 80-

50 435 223 512 phocli
239 459 398 510 nuper
415 438 689 490 reddidisse.
729 446 1077 490 ΤΕΚΝΟΤΣΑ
1097 439 1250 494 habet
1269 447 1358 498 So-

51 524 248 595 phoclis
274 523 448 574 Editio
476 523 678 578 Aldina,
705 522 785 573 sed
811 522 1049 594 deinceps
1070 539 1356 584 mutarunt.

12 599 14 601 ¹
49 601 110 654 In
116 600 380 652 Pausaniae
397 601 513 651 loco
526 602 645 651 Tou
652 619 724 671 pn
710 601 1182 653 emendationem
1163 623 1182 673 J
1193 605 1356 658 udici-

51 681 148 735 bus
164 683 342 753 peritis
362 683 496 733 haud
520 682 759 754 equidem
784 683 1035 752 probanda
1030 703 1097 735 m
1118 685 1355 758 suscepe-

0 744 3 836 ᾗ
50 760 163 813 rim.
200 760 491 828 Qidenim
509 761 1238 836 adiensumoiffigovo-oeconferat,
1250 767 1358 820 nes-

0 851 2 903 3
53 838 157 889 cire
177 855 261 888 me
283 836 462 890 fateor.
507 839 699 889 Malim
717 839 829 889 sane
848 856 950 889 non
974 841 1156 909 majori
1180 856 1355 896 muta-

0 951 2 980 ,
50 916 205 972 tione,
215 916 454 985 ανευροῧο-οι,
466 919 601 986 quod
617 931 666 968 et
681 917 1091 986 sensuietlinguae
1105 919 1358 975 satisfacit.

50 999 118 1051 Et
146 1001 269 1051 adeo
296 999 476 1051 fimiles
506 1000 617 1052 sunt
643 1000 902 1052 literarum
927 999 979 1061 dl,
1004 1015 1053 1054 et
1083 1004 1133 1052 ⁶0
1156 1005 1356 1067 duEtuS,

0 1057 43 1106 '⁴'
39 1089 113 1130 ut
153 1076 307 1128 facile
349 1077 507 1130 altera
551 1079 608 1128 in
654 1078 860 1129 alterius
913 1078 1089 1132 locum
1135 1080 1355 1154 irrepere

50 1161 298 1232 potuerit.

136 1317 198 1368 P.
231 1334 318 1388 39.
358 1316 396 1368 l.
432 1331 518 1367 20.
587 1314 806 1386 Optime
848 1314 1116 1387 Sophoclis
1159 1319 1359 1373 versum

53 1398 347 1451 emendavit
375 1410 427 1449 et
456 1397 689 1449 distinxit
710 1398 971 1468 Toupius.
1027 1400 1208 1451 Edidit
1237 1401 1358 1470 qui-

7 1478 13 1490 ’
53 1477 170 1529 dem
201 1476 482 1527 Brunckius
510 1494 572 1526 ex
602 1476 820 1526 Davvefii
857 1477 1158 1546 conjecff‘curffi
1196 1477 1361 1545 Μέγαν

51 1559 256 1627 ια’γυπιὶν
294 1562 350 1612 Δ’
383 1554 692 1613 ὑποδείσαντες.
758 1560 853 1611 Sed
894 1561 1019 1612 illud
1063 1571 1143 1612 ΔΕ
1190 1562 1358 1615 sedem

55 1651 274 1709 occupat
294 1638 465 1688 minus
490 1636 841 1697 commodam,
856 1651 907 1689 et
923 1638 1359 1692 construetionem

54 1720 222 1772 reddit
240 1721 644 1790 impeditiorem.
696 1720 1092 1790 Utramcunque
1121 1740 1238 1771 vero
1263 1721 1358 1773 ha-

27 1815 171 1853 ‘rum
218 1802 566 1870 conjedmram
613 1801 956 1870 ample&aris,
1007 1804 1191 1853 reetius
1241 1804 1355 1855 sane

53 1882 256 1944 feceris,
294 1902 453 1955 quam
482 1882 606 1933 fecit
637 1883 887 1934 Parifinus
915 1883 1098 1943 editor,
1127 1885 1217 1954 qui
1244 1886 1357 1956 post

53 1965 258 2036 longam
288 1981 338 2017 et
365 1964 572 2016 futilem
600 1965 662 2015 de
687 1965 799 2016 lana
820 1966 1026 2036 caprina
1046 1966 1354 2037 disputatio-

54 2052 174 2100 ‘nem
202 2066 264 2099 eo
291 2047 497 2099 tandem
527 2047 799 2109 delabitur,
832 2061 890 2099 ut
916 2048 1087 2099 credat
1117 2049 1357 2120 seripfiffe

55 2125 353 2196 Tragicurn,
387 2125 549 2191 Μέγαν
575 2125 776 2191 ωἷγυπιόν
801 2125 853 2177 P’
876 2121 1177 2186 dwoddmvrzq,
1210 2142 1261 2179 et
1289 2128 1357 2178 ob

56 2203 327 2255 inventum
368 2203 676 2274 palmarium
717 2203 840 2254 serio
883 2201 1191 2274 triumphat.
1260 2205 1357 2255 Sed

57 2284 158 2336 hoc
186 2286 434 2355 quicquid
463 2285 532 2336 est
560 2284 790 2335 Heathio
829 2285 1062 2345 debetur,
1108 2286 1198 2355 qui
1236 2304 1357 2356 par-

56 2364 264 2414 ticulam
286 2365 427 2414 istam
447 2384 500 2429 γε
521 2364 643 2412 adeo
665 2363 937 2432 deperibat,
967 2377 1022 2414 ut
1044 2365 1237 2433 semper
1263 2365 1354 2415 fibi

57 2440 339 2492 adstantem
366 2440 596 2500 haberet,
627 2440 688 2490 ad
717 2440 923 2500 rimam,
953 2440 988 2491 fi
1009 2442 1215 2510 quando
1237 2459 1354 2492 ver-

57 2522 136 2574 sus
162 2521 347 2584 hiaret,
376 2522 701 2592 explendam.
756 2522 815 2573 Id
837 2540 976 2572 nunc
1004 2523 1138 2573 deest
1168 2541 1349 2581 unum,

32 2617 117 2662 ‚ut
143 2605 399 2655 exoriatur
426 2604 629 2674 aliquis,
669 2605 758 2673 qui
787 2605 1048 2674 vulgatam
1079 2604 1356 2655 leftionem

59 2681 326 2741 defendat;
365 2684 523 2753 asperi
545 2683 663 2734 enim
671 2681 890 2753 spiritus
915 2684 1032 2742 vim,
1065 2701 1204 2753 quam
1230 2681 1355 2732 ridet

134 2765 265 2838 VoL
278 2804 288 2815 .
316 2765 409 2817 IV.
777 2765 829 2817 G
867 2783 904 2835 g
1097 2763 1359 2816 Dawefius
