1779 3095
299 153 1032 226 APPENDIX.
1216 190 1319 246 451

97 282 156 345 Ρ.
176 289 297 360 265.
324 290 362 340 l.
388 306 468 342 11.
531 288 788 341 Alterutra
813 286 1002 338 lectio
988 305 1039 338 ιη
1067 288 1326 360 Euripidis

20 360 228 427 Troasin
254 373 412 445 proba
437 371 521 428 est,
562 370 684 423 falsa
712 369 824 422 Viri
851 370 1123 422 doetiffimi
1151 389 1330 424 emen-

23 463 181 517 datie.
252 461 410 515 Crafis
449 461 588 513 enim
630 460 722 512 ista
762 460 949 512 Atticis
989 459 1201 511 omnino
1240 461 1328 531 ig-

29 562 148 602 nota
175 547 264 601 est.

42 704 45 707 ·
103 682 238 734 Ibid.
268 680 561 753 ν.Ἰωοίννης.]
620 669 779 733 Recte
807 681 1040 753 Procopii
1065 681 1340 734 leffionem

30 771 197 819 tuetur
223 767 498 837 Toupius;
537 767 771 836 ineptum
812 778 986 818 tamen
1029 766 1161 817 istud
1198 766 1239 822 ἐς
1272 765 1342 827 τὴν

29 846 142 912 δίκην
165 851 319 904 habet
345 851 521 903 Suidas
549 852 692 921 supra
732 870 782 903 v.
809 849 1169 918 ‘Awasscimwrm

110 998 170 1049 P.
206 997 329 1050 268.
372 997 404 1047 l.
438 1017 481 1050 1.
542 996 755 1068 Optime
781 993 904 1048 tvm
931 995 1157 1050 defendit
1189 998 1346 1050 Tou-s

38 1082 166 1154 piuS,
184 1082 326 1151 cujus
348 1081 399 1132 in
416 1082 712 1133 sententiam
730 1099 893 1153 nuper
907 1080 1142 1133 coneeffit
1159 1081 1348 1134 Ruhn-

43 1165 223 1216 kenius
249 1164 410 1235 Epist.
441 1165 570 1217 Crit.
613 1182 662 1235 p.
699 1179 817 1236 177.
881 1165 1115 1216 Eundem
1152 1168 1348 1217 versum

38 1250 208 1302 laudat
226 1249 519 1301 Scholiastes
536 1250 890 1320 Aristophanis
907 1250 968 1302 ad
987 1249 1210 1304 Acharn.
1225 1267 1347 1321 927.

45 1335 133 1386 ubi
163 1333 287 1385 ἴπνια.
317 1347 365 1386 et
394 1335 444 1385 in
471 1333 570 1385 fine
599 1329 763 1405 διάρας.

119 1483 317 1536 Ρ.282.
346 1483 382 1534 1.
409 1500 489 1546 12.
542 1480 692 1539 Laus,
713 1498 813 1552 qua
835 1478 1103 1552 Toupium·
1127 1481 1192 1533 ob
1219 1480 1352 1535 hanc

49 1569 458 1620 emendationem
512 1568 828 1637 prosequitur
869 1566 1242 1619 Valckenaerius
1292 1567 1355 1619 ad

3 1711 10 1716 ,
47 1646 323 1724 Hippolyt.
349 1651 466 1705 106.
497 1670 554 1703 ea
579 1653 630 1702 in
651 1651 891 1703 Grotium
918 1650 1245 1702 transmoveri
1269 1652 1358 1702 de-

50 1731 155 1797 bet,
195 1738 285 1807 qui
313 1736 658 1807 fragmentum
687 1736 867 1787 eodem
898 1737 1052 1786 modo
1087 1736 1359 1788 constitue-

55 1833 131 1874 rat
170 1820 409 1892 Excerpt.
453 1840 506 1893 p.
536 1836 658 1892 755.
709 1821 844 1872 unde
886 1820 1086 1891 repetiit
1129 1819 1357 1872 Clericus

52 1923 103 1978 p.
137 1907 258 1959 262.

122 2035 180 2087 P.
211 2037 332 2104 287.v
373 2035 408 2088 l.
442 2055 491 2105 9.
559 2036 695 2089 Illud
729 2035 976 2110 ἐτωθάζετο
1019 2039 1156 2089 sensu
1197 2038 1363 2089 aetivo

56 2121 318 2192 sumptum
347 2139 449 2173 non
478 2122 645 2174 minus
675 2123 940 2175 barbarum
971 2142 1125 2193 quam
1163 2121 1363 2173 Datidis

62 2204 270 2280 χαάξομοᾳ
296 2208 428 2257 rthe
447 2206 642 2274 judicat
669 2205 1040 2258 Valckenaerius
1067 2208 1125 2258 ad
1156 2205 1366 2258 Theoc-

59 2291 144 2341 riti
171 2289 480 2341 Adoniazus.
516 2309 570 2360 p.
596 2290 719 2342 260.
759 2302 808 2341 et
834 2291 1028 2350 deletis,
1068 2307 1179 2360 quae
1205 2308 1268 2341 ex
1296 2289 1370 2341 sea

61 2373 240 2444 quenti
266 2392 388 2425 voce
415 2373 739 2434 adhaeserant,
777 2375 932 2426 literis
958 2373 1157 2442 ἐτώθωζε
1184 2374 1329 2442 legit.

135 2516 193 2566 Ρ.
224 2531 345 2582 290.
384 2515 419 2565 l.
449 2534 502 2584 9.
547 2502 924 2583 'Conjeffituram
956 2514 1094 2566 suam
1134 2512 1364 2564 defendit

67 2596 404 2651 Ruhnkenius
434 2598 590 2670 Epist.
617 2600 744 2651 Crit.
785 2619 835 2672 p.
864 2614 948 2669 70,
977 2614 1065 2669 71.
1105 2600 1187 2651 ed.
1216 2615 1332 2649 nov.

711 2708 754 2760 F
781 2708 808 2759 f
841 2726 870 2762 2
1163 2704 1218 2755 P.
1247 2718 1369 2772 294.
