1779 3095
337 123 1077 179 APPENDIX.
1258 141 1372 202 497

50 248 177 322 vstur.
224 242 442 314 Repone
468 260 545 294 -ex
584 241 883 293 Herodiano
926 241 1061 311 apud
1098 240 1372 298 Villoison.

69 324 328 377 Anecdot.
370 325 541 376 Graec,
573 326 734 375 Tom.
764 324 835 374 ΙΙ.
877 340 930 393 p.
953 339 1042 391 94.

210 413 350 482 Ἅγου
379 408 426 466 δέ
448 415 514 483 μ’,
552 409 588 464 ὦ
609 413 701 481 Ξὲν’,
741 411 817 463 ἐτ’τε
841 413 1081 483 πρόσπολον
1105 412 1275 472 θέλεις,

212 488 312 540 Εἶτ’
335 486 512 551 ἄλοχον,
549 486 625 537 ἅτε
650 482 808 555 δμωΐδ’

67 590 182 647 Nisl
207 594 381 652 mavis,
397 592 513 663 '‘Ay’
537 590 597 645 οὖν
618 590 700 662 ἔμ’,
726 588 762 644 εἷ
786 592 1008 660 ξέν’-α·-

138 734 272 787 Ibid.
301 731 339 786 l.
367 751 451 806 17.
504 734 664 784 Reae
689 732 861 784 statuit
888 728 1141 784 Bentleius
1169 731 1222 783 in
1254 731 1375 786 MeL

64 819 321 870 nandrum
344 817 457 885 μέλε
482 817 677 886 semper
707 816 1028 868 scribendum
1066 816 1158 867 esse
1196 811 1374 868 διαπλ-

62 898 239 956 λοιζῶς.
301 901 402 952 Cui
429 913 598 952 tamen
625 899 712 951 hic
738 898 897 950 versus
925 917 1203 969 repugnare
1231 900 1372 952 vide-

63 997 165 1038 tur.
219 984 315 1036 Sed
342 983 531 1055 refinge
556 1001 619 1035 ex
644 983 807 1033 Suidae
833 982 967 1034 Edd.
993 983 1142 1034 Med.
1174 995 1224 1035 et
1249 983 1372 1035 Ald.

70 1087 120 1123 V.
138 1068 376 1144 Τετοξῆσω.

173 1163 304 1224 Ἀλλ’,
329 1157 366 1214 ὦ
385 1159 510 1233 μέλ’,
538 1158 621 1211 ὀπὶ
649 1165 786 1213 ΤΟΥ
812 1158 914 1214 Διὶς
943 1154 1371 1230 ἀμαλδυνθήσομαι.

136 1313 197 1366 Ρ.
227 1303 313 1382 29.
352 1312 386 1363 l.
416 1331 466 1384 3.
523 1312 684 1363 Reste
709 1309 801 1360 Vir
827 1305 1161 1359 doeziffimus.
1213 1277 1372 1379 Supra

0 1397 3 1401 ’
63 1416 155 1468 pro
182 1396 352 1449 Ἀνῦτειν
378 1396 508 1447 male
535 1394 769 1464 vulgatur
803 1388 983 1448 οὶνότἾειν,
1023 1392 1160 1462 quod
1188 1411 1373 1462 quam-

62 1484 136 1536 vis
159 1482 445 1540 barbarum,
485 1479 851 1532 Marklandum
886 1478 1082 1547 decepit
1119 1478 1179 1528 ad
1219 1477 1372 1529 Euri-

62 1565 362 1650 pid.1phig.
389 1566 547 1617 Taur.
585 1567 739 1632 1460.
802 1564 899 1617 Sed
936 1564 1069 1614 recte
1107 1561 1178 1613 ibi
1216 1561 1372 1614 ἀνύτειν

11 1692 13 1694 -
62 1652 180 1704 MS.
205 1651 424 1704 C.C.C.
451 1649 623 1701 Oxon.

136 1796 197 1848 P.
228 1813 316 1868 33.
355 1794 394 1847 l.
426 1793 473 1847 8.
536 1794 657 1846 Hoc
700 1791 1055 1864 fragmentum
1096 1787 1157 1840 ad
1193 1787 1364 1840 sedem

64 1878 205 1930 suam
258 1876 459 1929 rettulit
510 1876 780 1927 Reimarus
836 1874 899 1926 ad
948 1873 1179 1924 Dionem
1230 1867 1364 1923 Caff.

62 1961 223 2013 Tom.
244 1961 315 2013 II.
343 1977 396 2031 p.
428 1973 584 2031 ¹52¹·

130 2105 192 2156 P.
224 2122 310 2174 33.
350 2118 398 2153 v,
420 2097 656 2153 Ἀπὲτισ-εν.
719 2097 982 2150 Lacunam
1020 2094 1074 2146 in
1111 2093 1364 2165 epigram-

59 2200 197 2242 mate
235 2185 399 2237 Suidae
436 2201 533 2255 ope
571 2181 790 2254 explevit
830 2181 902 2232 G.
930 2181 1179 2232 Canterus
1220 2177 1361 2229 Nov.

63 2273 203 2325 LeC't.
225 2269 321 2321 III.
353 2284 439 2339 23.

133 2406 193 2457 P.
223 2423 306 2474 34.
347 2405 383 2455 1.
409 2420 493 2456 22.
534 2396 688 2456 ’Ἀποις
714 2417 804 2471 pro
831 2394 961 2464 ἅπαξ
984 2395 1193 2468 protulit
1218 2394 1361 2446 Pier-

57 2489 198 2542 sonus
224 2507 287 2540 ex
314 2487 431 2538 MS.
461 2486 608 2539 Leid.
638 2486 698 2536 ad
737 2482 930 2534 Moerin
968 2499 1018 2552 p.
1048 2499 1096 2551 3.
1134 2497 1197 2530 ex
1234 2477 1361 2528 Pro-

59 2575 208 2645 copio
233 2573 555 2645 desumptum
579 2570 689 2633 effe,
727 2568 899 2638 ibique
925 2578 974 2619 et
1000 2566 1051 2617 in
1085 2564 1184 2616 Ed.
1207 2561 1358 2614 Med.

131 2658 284 2711 VOL.
312 2656 407 2712 IV.
819 2651 844 2701 I
882 2650 899 2702 i
1229 2642 1361 2698 ἄπας
