1779 3095
305 133 1038 187 APPEwNDIX.
1221 157 1323 210 493

38 291 47 298 ‹
89 255 148 307 P.
180 255 304 306 600.
360 254 402 304 l.
435 271 515 306 11.
608 254 770 304 Re&e
811 253 940 304 vidit
977 255 1216 324 Toupius
1261 260 1322 309 ad

10 330 352 391 ‘Herodotum
405 334 492 387 hie
569 335 768 404 respici}
859 335 1035 405 Ipsum
1084 337 1325 390 Ionicum

0 418 232 475 verbum
260 415 582 467 conservatur
622 433 649 466 a
683 415 873 467 Photio
924 418 980 468 in
1023 418 1156 468 Lex.
1201 420 1323 472 MS.

18 503 369 554 AIHAPEETE
394 494 600 562 μένοντες.

90 641 150 693 Ρ.
198 641 322 693 612.
365 642 402 692 1.
440 636 517 694 ιζ
553 640 769 710 Infignis
821 652 872 691 et
924 652 1069 692 extra
1114 660 1328 695 omnem

17 723 358 774 dubitationis
411 723 572 773 aleam
600 723 760 793 pofita
787 723 857 774 est
883 722 1072 774 summi
1108 724 1329 775 Bentleii

17 804 332 864 emend-atim
374 822 532 873 quam
557 802 747 855 fecerat
774 806 930 855 etiam
947 803 1237 856 Withofius
1263 807 1329 857 ad

15 887 232 937 Catonis
255 886 388 936 Dist.
415 886 509 937 IV.
535 903 584 956 5.
617 885 966 938 Vehementer
983 898 1158 938 autem
1178 906 1326 938 com-

19 968 259 1038 probavit
300 967 608 1018 Schraderus
639 967 918 1019 Emendat.
959 986 1011 1038 p.
1063 985 1185 1040 217.
1230 969 1327 1020 Sed

17 1061 227 1100 exortus
254 1049 324 1100 est
353 1049 612 1100 Stoeberus
655 1049 824 1099 nescio
851 1050 984 1118 quis,
1025 1051 1116 1119 qui
1144 1051 1326 1102 Mani-

16 1131 151 1182 lium
179 1150 223 1182 a.
281 1132 436 1202 1767.
479 1130 659 1190 edidit,
701 1131 1025 1200 Bentleiique
1061 1150 1183 1182 cum
1212 1132 1326 1201 ple-

19 1213 197 1283 rasque
226 1213 366 1273 alias,
409 1226 523 1263 tum
550 1211 683 1263 hanc
727 1213 1075 1281 conjeffituram
1104 1215 1329 1265 nimium

19 1307 276 1366 quantum
317 1295 612 1364 exagitavit.
690 1295 914 1345 Animus
953 1293 1120 1346 fuerat
1164 1308 1326 1346 totam

20 1374 129 1446 ers
171 1376 233 1427 ad
279 1377 418 1427 hunc
459 1376 635 1426 locum
665 1378 1046 1427 adnotationem
1090 1377 1328 1430 transcri-

22 1460 160 1518 bere,
203 1459 284 1509 sed
338 1476 461 1508 cum
506 1456 606 1508 hoc
633 1457 752 1508 effet
779 1458 1008 1509 chartam
1039 1460 1248 1528 perdere
1277 1472 1328 1510 et

18 1541 223 1592 leetoris
246 1540 491 1609 patientia
519 1539 676 1597 abuti,
717 1539 830 1591 satis
856 1539 914 1590 fit
962 1541 1109 1590 verba
1139 1540 1324 1591 Schra-

20 1622 130 1673 deri
183 1620 335 1672 Praef.
389 1622 450 1672 ad
478 1621 700 1672 Emend.
751 1639 804 1690 p.
857 1622 987 1673 xllx.
1052 1622 1318 1690 adponere.

21 1705 166 1756 More
201 1703 454 1754 multorum
489 1702 754 1770 certff'mas
781 1705 1088 1754 BENTLEH
1140 1722 1325 1754 correc-

16 1786 163 1838 tiones
179 1786 388 1855 persaepe
409 1783 650 1853 fictilibus
685 1784 981 1854 argumentis
1012 1784 1321 1854 (Stoeberus)

20 1867 358 1938 impugnatam
414 1866 645 1935 genuinas
699 1865 1047 1917 leffiiones——iis
1091 1867 1325 1926 mutavit,

25 1969 143 2021 quas
150 1950 319 2019 sttgfits
363 1948 629 2007 communis,
671 1947 950 2007 Latinitas,
992 1959 1038 1997 et
1064 1947 1328 1999 carminum

20 2033 141 2102 leges
146 2030 301 2098 simul
319 2028 556 2080 interdum
573 2028 864 2097 refutarent.
924 2030 1177 2080 Praeterea
1203 2030 1328 2081 viris

23 2114 116 2183 ipso
141 2114 273 2181 longe
298 2109 564 2179 majoribus,
606 2110 655 2161 in
674 2111 845 2181 primis
871 2112 1213 2169 BENTLEIO,
1233 2122 1326 2182 pe-

22 2195 239 2248 tulanter
256 2192 527 2264 insultavit,
557 2193 657 2244 &c.

108 2345 166 2395 P.
198 2343 322 2414 613.
364 2344 399 2394 1.
431 2363 482 2412 9.
541 2342 785 2393 Rescribe
826 2360 889 2392 ex
943 2343 1059 2395 MS.
1091 2361 1212 2392 cum
1248 2343 1322 2394 N.

29 2425 245 2478 Heinsio
275 2425 336 2476 ad
379 2425 545 2494 virgil
575 2425 697 2475 AEn.
742 2425 809 2475 X.
857 2425 980 2496 587.
1048 2423 1328 2475 Schradero

30 2506 181 2559 Praef.
212 2506 272 2557 ad
293 2508 515 2557 Emend.
542 2524 593 2576 p.
635 2505 771 2557 lviii.

76 2631 152 2681 Et
177 2643 299 2694 (ΨΑ
319 2625 731 2700 ρνιεεῲίίὶβιιὲῗιι
760 2640 953 2680 FURIT
979 2621 1325 2694 Hellespontus.

1117 2766 1175 2819 P.
1205 2763 1324 2838 617·
