1779 3095
334 170 1070 248 ARPENDIX.
1260 195 1362 250 503

63 289 332 349 admiserit,
342 289 522 344 deinde
536 289 674 362 quod
689 289 751 342 ad
767 289 980 341 incertas
998 288 1189 342 fabulas
1208 291 1370 345 hocce

62 370 410 447 fragmentum
434 375 698 433 rettulerit,
717 392 840 427 cum
856 374 917 426 ad
937 371 1248 444 Olynthium
1275 378 1372 429 five

66 459 341 531 Olynthios
369 458 687 511 referendum
713 477 775 511 ex
801 457 1055 511 Athenaeo
1081 457 1173 509 ΠΙ.
1207 478 1259 530 p.
1281 478 1314 532 7
1322 478 1371 528 5.

63 553 117 597 Β.
145 544 328 596 discere
355 543 607 615 potuiffet.
670 542 847 613 Εὕρημοι
873 543 1056 614 partim
1082 544 1211 595 refie
1247 562 1374 615 prae-

64 628 153 681 bet
178 628 470 680 Eustathius
497 629 558 680 ad
586 627 756 698 Odyff.
782 637 838 681 H.
867 648 919 699 p.
947 634 1098 699 1572,
1116 628 1205 679 62.
1262 628 1374 685 Sed,

66 723 123 764 ut
155 713 362 764 tandem
402 725 636 773 revertar,
675 712 782 783 pari
822 713 1056 763 acumine
1095 711 1377 763 Brunckius

66 796 121 848 in
147 797 401 866 Euripidis
428 795 591 850 Orest.
626 813 783 867 1059.
847 792 935 854 Ka.)
958 794 1110 863 μνῆμαι
1135 791 1311 862 δέξαιθ’
1332 793 1374 846 ἓν

65 876 209 957 κέδρου
233 882 533 950 τεχνάσματα.
557 881 922 934 insulfiffimam
957 880 1224 932 leffionem
1262 877 1374 944 re'pg-

68 986 227 1035 νοω-μω
251 987 295 1017 τε
321 983 619 1020 1NFER51T.

143 1107 203 1160 P.
231 1126 348 1176 104.
387 1111 425 1162 l.
444 1127 498 1177 4.
551 1103 881 1181 Κωθωψοίμενσι
908 1127 1114 1181 quoque
1138 1109 1236 1160 Ed.
1257 1108 1375 1160 Ald-

71 1206 121 1246 et
147 1195 277 1248 infra
314 1215 361 1268 p.
391 1214 482 1250 111.
506 1198 543 1250 l.
570 1217 646 1270 13.
674 1195 991 1267 ἈἸυχημάτων.
1032 1199 1092 1250 Ρ.
1116 1214 1229 1270 115.
1262 1197 1299 1249 1.
1325 1197 1375 1250 6.

75 1278 179 1348 Ἀφ’
202 1281 380 1352 ἡμέρας.

145 1425 202 1476 Ρ.
235 1444 352 1498 117.
390 1426 427 1477 l.
457 1427 647 1497 penult.
711 1427 914 1478 Eodem
953 1425 1109 1479 modo
1148 1424 1381 1496 personas

74 1509 302 1563 distinxit
341 1511 674 1564 Marklandus
707 1512 770 1562 ad
800 1511 1025 1581 Euripid.
1053 1509 1226 1579 Suppl.
1254 1527 1288 1576 4
1295 1524 1381 1576 54.

74 1595 156 1648 sed
197 1614 374 1648 omnes
410 1614 437 1647 a
474 1616 591 1654 vero
629 1595 936 1647 aberrarunt.
1011 1594 1172 1644 Recte
1208 1592 1382 1644 locum

76 1695 141 1731 ex
160 1678 310 1729 MSS.
332 1679 590 1732 constituit
610 1678 911 1739 Brunckius,
942 1664 1242 1749 quibuscum
1264 1694 1386 1726 con-

77 1766 250 1821 cordat
276 1767 390 1818 MS.
415 1767 566 1820 Trin.
591 1767 725 1819 Coll.
753 1765 970 1818 Cantab.

154 1913 214 1964 P.
249 1910 367 1964 126.
407 1912 441 1963 l.
476 1913 559 1964 16.
624 1910 821 1964 Verum
866 1908 937 1962 est
981 1904 1106 1960 κριτοὶ
1147 1906 1203 1962 τὶ,
1251 1903 1387 1975 quod

79 2009 349 2069 occuparat
375 1996 444 2048 T.
468 1995 642 2048 Faber.

155 2143 217 2194 P.
247 2158 360 2213 143.
391 2141 432 2194 1.
459 2158 536 2212 17.
586 2139 846 2210 Euripidis
870 2137 1105 2208 posterior
1125 2131 1392 2187 versiculus

85 2228 154 2280 ita
188 2225 433 2294 legendus
473 2243 537 2276 ex
572 2223 830 2293 Aristoph.
863 2221 1073 2272 Thesm.
1108 2218 1222 2286 185.
1262 2217 1396 2267 unde

85 2309 296 2382 sumpfit
321 2308 515 2364 Suidas,
552 2325 709 2378 quem
734 2306 845 2358 vide
869 2318 921 2356 et
946 2305 998 2356 in
1022 2322 1071 2357 v.
1099 2300 1170 2356 Σέ
1184 2324 1201 2360 ;

107 2405 277 2461 Πολλὲς
294 2403 448 2461 καλῶς
467 2402 547 2460 οἶός
565 2425 609 2455 τε
624 2401 842 2472 σ-υἷΙέμνε-ιν
865 2401 981 2467 (slve
1002 2396 1218 2468 συῇεμᾶν)
1238 2394 1406 2474 λὸγδς.

161 2558 217 2609 Ρ.
253 2556 368 2621 146.
406 2555 442 2606 l.
465 2571 516 2623 4.
565 2552 892 2608 Emendatio,
920 2567 1074 2621 quam
1095 2547 1146 2598 in
1174 2542 1402 2614 Sophoc-

89 2642 195 2694 lem
231 2639 469 2712 proponit
507 2637 711 2697 Noster,
752 2637 934 2708 linguae
961 2634 1109 2707 genio
1138 2635 1402 2701 repugnat.

98 2724 358 2779 Saniffima
383 2723 454 2777 est
478 2721 698 2794 vulgata.

1208 2796 1269 2848 P.
1294 2806 1407 2861 147.
