1737 3085
372 193 476 250 452
661 159 1388 231 APPEND‘IX.

445 292 503 346 P.
521 313 643 364 294.
671 313 719 346 v.
742 293 954 365 Θρήνους]
1005 294 1159 345 Paulo
1185 293 1367 346 minori
1387 293 1669 346 mutatione

367 379 613 448 legerim:
655 378 840 450 Θςήνους·
882 375 974 431 τοὶς
997 376 1116 451 ’παρ’
1138 377 1232 445 ἡμῖν
1267 378 1517 445 λεγομένους
1553 375 1667 446 θρη-

367 456 511 530 νῳδὶὺς
534 452 989 527 &lamo-ocd'opcnp&
1025 457 1092 518 τὴν
1128 459 1354 519 συνήθειαν
1396 464 1668 512 ΘΡΗΝΩΝ

363 551 647 597 ΑΟΙΔΟΥΣ
666 541 815 593 καλεῖ.
872 543 951 593 Sic
975 536 1138 603 εἰσιδεῖν,
1177 544 1316 613 quod
1344 546 1475 594 recte
1501 544 1668 595 editur

365 629 420 679 in
437 626 690 695 Euripidis
713 627 866 676 Herc.
883 624 981 698 fur.
999 643 1017 676 1
1031 641 1153 694 349.
1184 627 1316 694 apud
1335 627 1667 679 Plutarchum
1714 681 1717 683 ,

364 710 516 763 T.11.
551 728 603 781 p.
632 726 694 759 10
701 725 786 778 52.
815 716 868 760 E.
897 709 950 760 in
977 706 1113 759 αὐτῶν
1141 708 1477 779 degeneravit.

436 846 497 898 P.
522 862 642 917 300.
671 844 705 897 l.
728 846 780 898 6.
843 844 1127 917 Nunquam
1153 847 1206 897 in
1235 845 1388 898 Suida
1414 844 1666 898 infelicius

365 949 474 984 rem
498 929 643 1000 geffit
669 930 763 980 Vir
788 930 1028 999 optimuS.
1095 930 1326 982 Primum
1354 929 1482 980 nihil
1507 931 1666 982 inter-

363 1015 459 1065 effe
504 1014 589 1071 ait,
639 1010 856 1064 ..dcem
901 1032 963 1065 an
1008 1010 1256 1065 καςζοιλὼν
1298 1014 1447 1083 lega8‚
1499 1014 1665 1085 spreto

359 1097 598 1155 Dawefii,
636 1096 717 1148 cui
745 1095 1039 1168 plerumque
1071 1098 1291 1168 iniquior
1318 1099 1407 1158 est,
1446 1116 1659 1158 canone,
1698 1151 1717 1169 ς

361 1183 499 1253 quod
523 1182 575 1233 in
604 1181 855 1233 Philetaeri
894 1182 1249 1253 apospasmatio
1286 1182 1430 1252 supra
1467 1180 1599 1234 Part.
1621 1181 1664 1233 Ι.

361 1285 415 1336 p.
449 1284 527 1336 33.
567 1264 769 1322 fecerat,
807 1278 855 1317 et
881 1265 1012 1317 infra
1050 1285 1102 1337 p.
1135 1254 1256 1337 359.
1298 1268 1484 1318 iterum
1523 1266 1661 1317 facit.
1704 1333 1707 1336 Ι

359 1350 562 1401 Deinde
599 1347 652 1399 σὺ
694 1361 807 1400 ante
845 1342 925 1417 μὲν
967 1350 1177 1419 produci
1213 1347 1346 1419 poffe
1385 1350 1662 1401 contendit.

359 1426 537 1478 Babrii
600 1439 652 1477 et
718 1425 1061 1498 Theopompi
1125 1428 1422 1478 auctoritate
1484 1428 1655 1480 nixus,

358 1505 529 1556 Babrii
556 1505 713 1561 locus,
749 1504 843 1556 five
868 1505 1008 1556 sanus
1034 1505 1110 1564 fit,
1151 1505 1248 1558 five
1275 1518 1556 1576 corruptu8‚
1584 1506 1661 1557 ni-

356 1588 433 1639 hil
459 1587 520 1640 ad
540 1588 741 1640 Comici
763 1601 985 1639 metrum
1002 1587 1407 1640 constituendum
1427 1590 1657 1654 pertinet.

357 1672 418 1723 In
445 1671 772 1743 Theopompi
801 1672 940 1723 versu
973 1673 1105 1722 redte
1142 1671 1439 1742 producitur
1477 1670 1659 1742 syllaba

354 1767 559 1826 propter
582 1756 782 1807 literam
807 1780 826 1824 ρ
855 1756 1161 1825 sequentem.
1222 1755 1326 1805 Res
1354 1755 1463 1823 jam
1497 1755 1658 1806 notis-

354 1838 478 1890 fima
508 1839 592 1890 est.
655 1840 812 1890 Porro
839 1838 1026 1891 oblitus
1054 1838 1124 1890 est
1161 1838 1253 1891 Vir
1291 1839 1519 1890 summus
1557 1838 1657 1891 hoc

351 1923 518 1992 ipsum
544 1923 894 1992 fragmentum
921 1924 1113 1975 auctius
1140 1923 1326 1975 exstare
1366 1924 1496 1992 apud
1539 1923 1655 1973 Sui·-

353 2006 473 2057 dam
512 2007 657 2077 supra
694 1997 736 2057 ν’.
764 1999 1084 2077 Ἀναιψυχῆνοᾳ,
1125 2006 1212 2057 ubi
1238 2003 1442 2060 κᾶζωλες
1469 2006 1539 2057 est
1565 2023 1657 2075 pro

351 2088 586 2141 κοίζέοιλε.
645 2089 846 2160 Ingenii
872 2090 944 2140 sui
972 2090 1095 2140 vires
1130 2090 1204 2140 ibi
1241 2089 1457 2159 experiri
1494 2089 1655 2141 voluit

351 2173 684 2225 Vauvillerius
704 2175 767 2224 ad
787 2173 1111 2243 Sophoclem,
1135 2190 1289 2243 quem
1307 2173 1464 2224 miror
1483 2190 1510 2224 a
1529 2171 1655 2223 Bib-

348 2257 579 2309 liothecae
602 2257 802 2308 Criticae
840 2257 896 2307 P.
923 2256 1014 2307 VI.
1052 2275 1106 2327 p.
1124 2274 1211 2325 43.
1253 2255 1526 2308 editoribus
1549 2255 1653 2307 fine

346 2341 728 2411 reprehenfione
766 2339 1040 2392 dimiffum.
1104 2341 1249 2392 Facit
1282 2341 1419 2391 enirn
1447 2335 1537 2400 Ka)
1561 2333 1650 2409 ὀψὲ

349 2443 412 2477 ex
439 2421 530 2487 Καὶ
553 2424 625 2486 σῖ),
663 2425 809 2476 hiatu
833 2426 887 2476 in
908 2424 1049 2476 scena
1073 2443 1173 2476 non
1200 2424 1422 2481 ferendo,
1460 2436 1510 2476 et
1535 2442 1650 2476 ver-

347 2510 456 2562 sum
481 2509 689 2561 inchoat
713 2529 741 2562 a
766 2507 832 2561 Ti
853 2531 948 2560 wau
973 2527 1073 2560 non
1098 2510 1459 2580 interrogante.

415 2638 478 2691 P.
500 2656 619 2711 305.
655 2618 691 2690 l]
723 2655 799 2710 17.
851 2638 1022 2690 Babrii
1047 2639 1458 2691 emendationem
1486 2635 1649 2706 rejicit
1714 2707 1715 2711 Ἰ

343 2722 779 2778 defideratiffirnus
804 2721 1125 2794 Tyrwhittus
1151 2722 1276 2775 Diff'
1316 2741 1366 2794 Ρ.
1396 2738 1470 2844 9i'
1523 2806 1623 2862 312
