1779 3095
297 153 1024 216 APPENDIX.
1207 154 1308 220 461

96 278 155 333 P.
178 294 302 346 422.
341 278 378 329 l.
407 294 457 346 9.
522 272 742 330 Kqu‘ov
773 272 849 325 vel
874 268 1078 345 ngoircqov
1102 265 1325 342 εὗφξεοῖνειν

14 363 333 434 Musgravius
360 363 412 413 in
442 360 688 429 margine.

0 507 2 578 j
30 587 32 589 ‚
97 507 155 558 P.
171 523 293 576 430.
314 504 349 555 1.
370 519 452 572 13.
492 507 643 553 ΟΙΔΕ
663 495 984 569 proposuerat
1002 506 1051 545 et
1072 488 1328 543 Reisszius.

99 648 160 699 P.
189 663 314 713 441.
356 641 394 695 l.
423 655 474 712 7.
552 637 701 692 Nihil
750 650 854 690 tam
906 651 1151 704 magnum
1200 629 1325 682 fecit

0 732 259 806 {Toupius
299 730 351 780 in
388 725 660 778 Silentiarii
684 723 1068 791 Epigrammate
1106 733 1226 768 cum
1263 712 1332 772 τίῆ

0 807 5 903 ᾗ
29 813 310 888 planiffime
337 810 576 863 exhibeat
600 807 774 858 Editio
802 804 945 854 Med.

0 937 2 1019 i
94 953 161 1008 P.
188 971 308 1026 453.
345 953 377 1003 1.
399 969 452 1019 4.
504 949 691 1001 Exz'mz‘e
716 945 949 1016 Toupius
975 946 1087 996 Em.
1119 941 1168 992 in
1195 939 1332 991 Suid.

0 1029 4 1109 D
32 1041 100 1093 Π.
140 1058 192 1110 p.
222 1056 342 1108 453.
404 1030 577 1102 chmp
604 1030 805 1097 ἐγνωκότι
831 1026 892 1078 ’ότι
920 1026 1016 1078 &a
1078 1024 1133 1076 Si
1171 1036 1330 1075 tamen

17 1123 285 1196 stribatur,
335 1114 506 1192 Κεάπες
543 1111 664 1166 &Qu
705 1112 767 1164 ’ότι
811 1108 1034 1171 ὢνητῆν-
1054 1106 1157 1171 ἔχει,
1192 1108 1334 1176 calfit

34 1208 185 1279 magis
219 1205 382 1275 liquet,
423 1223 510 1255 cur
549 1194 665 1251 εἰδότι
704 1196 953 1252 exciderit.
1016 1194 1157 1245 KoE
1176 1209 1234 1243 N.
1274 1190 1338 1242 ad

32 1295 248 1362 [Gregor.
290 1308 340 1359 p.
373 1303 437 1357 92
450 1325 460 1336 .

108 1435 300 1503 P.457.
329 1430 361 1481 l.
382 1432 433 1481 ὁ.
489 1428 539 1478 Si
565 1427 615 1478 in
641 1423 879 1497 palmaria
907 1418 1193 1492 Tyrwhitti
1220 1433 1342 1468 acu-

37 1517 208 1572 tiffimi
235 1514 588 1568 emendatione
627 1509 934 1579 acquiescere
973 1505 1173 1555 nolebat
1196 1503 1344 1552 Tou-

36 1605 162 1674 pius,
190 1601 330 1652 daret
351 1598 520 1649 saltem
551 1596 687 1665 quod
717 1592 985 1661 Euripides
1015 1587 1221 1639 scribere
1247 1602 1344 1654 po-

37 1700 181 1747 terat,
220 1697 518 1753 caveretque
559 1699 620 1731 ne
662 1677 987 1729 Cothurnum
1033 1671 1265 1722 Atticum
1292 1669 1345 1718 in

37 1771 259 1823 Soceum
299 1769 597 1820 Romanum
631 1773 861 1815 mutaret.
925 1767 1011 1812 ΣΤ
1040 1756 1166 1808 illud
1196 1753 1345 1807 valde

41 1854 311 1909 ridiculum
341 1850 427 1901 est.

112 1997 241 2048 Ibid.
279 1997 316 2047 l.
353 2010 434 2064 15.
495 1989 634 2041 Mihi
663 2004 825 2057 neque
853 1982 1033 2037 λώντων,
1059 1995 1224 2049 neque
1249 1970 1347 2026 δέν-

47 2104 144 2141 των,
186 2098 351 2149 neque
378 2076 556 2144 ζώντων,
588 2089 753 2141 neque
779 2067 845 2136 ξὺν
870 2066 945 2134 τῷ,
972 2081 1133 2134 neque
1162 2060 1350 2131 χρώντων

44 2166 218 2236 placet.
282 2163 434 2230 Qod
463 2160 532 2211 ait
556 2156 755 2210 Noster,
793 2154 855 2203 de
881 2149 1082 2202 Phoebo
1117 2146 1215 2196 solo
1250 2143 1350 2193 ser-

47 2266 254 2300 monem
292 2245 404 2303 effe,
445 2242 498 2293 id
530 2240 740 2310 quidem
766 2235 949 2287 nullius
976 2229 1224 2284 momenti
1251 2225 1346 2277 est.

44 2331 202 2382 Refice
231 2330 466 2380 dicuntur
493 2324 594 2376 Dei
621 2324 674 2373 in
701 2337 879 2390 genere
901 2317 950 2367 id
976 2315 1241 2385 praecipere
1263 2321 1348 2360 aut

49 2408 215 2477 {fetare
240 2412 375 2483 quod
402 2408 624 2460 Phoebus
665 2423 727 2454 ex
765 2401 956 2471 tripode
998 2396 1222 2468 praeeipit
1265 2405 1352 2462 aut

44 2506 195 2551 vetat.
262 2494 465 2547 Caeteris
490 2493 644 2560 igitur
667 2484 964 2555 conjecturis
993 2481 1196 2533 accedat
1224 2493 1354 2531 mea,

200 2588 386 2646 Ξένοισ-ιν
411 2582 486 2640 ἷεώχχ
512 2581 693 2642 ἔδωκας,
730 2583 784 2640 ὡς
810 2586 1104 2634 ΕΩΝΤΩΝ
1131 2571 1262 2627 θεῶν.

1185 2665 1356 2717 Notus
