1737 3085
345 227 455 295 '504
635 210 1362 279 APPENDIX.

417 337 478 389 P.
515 352 626 409 147.
665 337 701 389 l.
740 356 820 407 14.
885 337 1120 410 Euripidi
1158 357 1220 392 ex
1258 340 1529 394 Plutarcho
1556 344 1646 396 ad-

341 422 568 474 dendum
616 423 884 473 articulum
924 423 1126 480 monuit
1162 422 1430 489 Heathius,
1467 427 1644 504 etipse

341 506 536 564 addidit
562 506 771 557 Grotius
809 523 864 575 p.
894 522 1015 559 101.

405 656 467 707 P.
500 655 615 721 148.
659 655 696 706 l.
730 654 809 708 18.
870 653 1172 726 Legendum
1209 675 1329 710 cum
1368 642 1642 725 Brunckim
1714 627 1716 634 y

334 735 563 811 Ὀλολύζκ
587 741 606 794 ὁ
631 737 781 810 γέρων.
844 739 1002 805 Qod
1026 740 1352 812 παρεπιγροιφῆ
1375 744 1460 796 est.

405 888 466 948 P.
502 906 620 959 149.
659 888 693 940 1.
716 904 803 941 22.
846 887 1016 943 Virum
1044 893 1281 963 egregium
1310 891 1485 946 Timaei
1508 894 1639 947 lenio

334 991 438 1028 non
456 972 664 1043 fifillit.
730 974 837 1044 Ipse
875 974 1017 1026 enim
1054 976 1101 1026 in
1129 977 1391 1029 Addendis
1429 996 1481 1050 p.
1511 996 1637 1048 203.
1716 986 1717 991 ’

334 1059 406 1114 ait
424 1081 440 1118 3
483 1066 626 1129 “pro
651 1057 815 1110 verbis
839 1055 948 1113 ’ὅσοις
974 1060 1059 1112 vel
1087 1056 1145 1116 οἷς
1166 1061 1283 1132 lege,
1321 1059 1382 1116 οἷς
1421 1065 1455 1112 οἱ
1491 1057 1642 1131 gvysl’

332 1140 460 1207 Non
487 1141 657 1194 minus
685 1144 820 1194 reciet
841 1142 1106 1213 legeretur,
1146 1142 1210 1199 οὓς
1234 1149 1267 1195 οἱ
1292 1167 1339 1196 σ-.
1378 1147 1641 1216 quomodo

330 1226 483 1278 tacite
508 1227 724 1278 correxit
749 1226 1030 1279 Brunckius
1053 1227 1246 1280 Lexico
1270 1228 1554 1299 Sophocleo
1588 1248 1637 1282 v.

327 1310 549 1378 ’,Ομὸγνιοι
577 1309 691 1368 θεοί,
714 1311 852 1381 quod
878 1312 939 1363 ad
966 1311 1227 1382 Sophoclis
1255 1313 1515 1383 Oedipum
1534 1313 1640 1364 Co-

327 1393 535 1445 loneum
562 1412 651 1465 per
677 1382 896 1456 errorem
923 1395 1091 1456 refert.
1141 1395 1296 1449 Haud
1318 1395 1539 1453 absimile
1567 1397 1638 1449 est

330 1478 471 1547 quod
510 1479 766 1550 Euripidis
793 1479 928 1531 HcC.
958 1483 988 1531 6
998 1481 1188 1552 34—6,
1224 1482 1479 1533 Androm.
1509 1482 1635 1554 617,

329 1560 516 1612 Bacch.
546 1581 564 1614 1
583 1579 602 1612 1
619 1563 698 1615 18.
739 1581 915 1614 omnes
944 1581 1006 1615 ex
1033 1563 1232 1622 fabulis,
1259 1583 1382 1635 quas
1405 1565 1502 1636 ipse
1529 1566 1638 1621 edi-

328 1644 423 1701 dit,
460 1644 747 1715 desumptos
776 1646 1072 1718 Sophocleis
1100 1648 1393 1719 fragmentis
1427 1666 1524 1721 pp.v
1552 1667 1636 1716 12,

328 1728 417 1798 64,
450 1727 529 1779 16.
568 1742 884 1793 annumerat.
1251 1723 1253 1725 ¹

396 1878 457 1929 P.
485 1894 588 1947 151.
626 1879 661 1931 1.
691 1880 880 1950 penult.
940 1880 1001 1932 In
1033 1881 1170 1940 Livii
1211 1883 1498 1953 fragmento
1537 1903 1633 1958 op·

320 1963 451 2015 time
478 1982 586 2015 rem
611 1959 751 2034 geffit
779 1966 1033 2036 Toupius.
1093 1967 1249 2020 Em‘xo
1265 1959 1426 2039 studio
1462 1971 1633 2035 certis-

321 2044 509 2098 fimum
549 2047 635 2099 est.
700 2047 807 2120 Ipse
841 2050 1015 2102 Livius
1044 2068 1196 2103 XLII.
1226 2069 1271 2119 3.
1334 2053 1633 2121 QFulvius

320 2132 527 2183 Flaccus
552 2133 708 2201 θωμὸν
735 2135 875 2198 cedem
899 2135 1132 2188 Fortzcnae
1157 2136 1377 2209 equestris
1399 2136 1630 2203 facieba&

321 2231 498 2285 ENixo
528 2233 767 2274 sTumo.

388 2347 448 2401 P.
485 2368 596 2423 153.
638 2354 673 2407 l.
705 2372 751 2423 3.
809 2354 976 2423 Ἐγγῖις
999 2375 1090 2428 pro
1121 2360 1291 2429 glossa,
1334 2362 1629 2415 audior-itate

314 2429 597 2487 Scholiastae
618 2440 679 2490 ad
701 2441 930 2510 Equites,
948 2442 1238 2500 delendum,
1265 2455 1314 2497 et
1335 2438 1406 2504 ἤδη
1425 2464 1488 2498 ex
1509 2445 1629 2499 MS.

311 2513 585 2585 legendum
620 2525 820 2575 monuit
855 2524 1264 2582 Hemsterhufius
1303 2529 1366 2580 ad
1403 2528 1625 2592 Luciam..

310 2597 677 2659 D.M.xxv11.
703 2621 752 2676 7.
778 2609 938 2668 Tom.
958 2609 999 2660 I.
1028 2629 1080 2681 p.
1095 2629 1220 2684 443.
1284 2612 1355 2674 Et
1381 2611 1446 2675 fic
1473 2614 1625 2675 tacite.

308 2698 591 2740 correxerat
640 2691 809 2744 Bofius
853 2693 918 2744 ab
963 2693 1348 2764 Hemsterhufio
1393 2696 1624 2758 laudatus
1684 2750 1688 2754 .

307 2765 517 2831 Observ.
558 2792 608 2844 p.
640 2791 718 2846 15.
1415 2850 1458 2912 Ρ
1526 2853 1556 2904 6

1464 2868 1519 2912 21
1553 2869 1616 2924 ‚3-
