1779 3095
328 225 1051 300 APPE-NDIX.
1236 245 1342 301 455

46 369 296 446 loquitur,
335 364 477 437 fugit
514 381 635 416 eum
673 358 820 412 ratio,
862 347 951 408 ⁴In
978 350 1203 403 eundem
1232 349 1346 402 sco-

51 453 237 529 pulum
263 449 485 520 impegit
509 447 571 498 ad
610 442 914 514 Longinum
952 438 1004 507 §.
1034 431 1348 486 XXXVIII.

39 537 138 589 ubi
166 532 373 587 Comici
402 529 556 582 verba
581 529 652 582 ita
678 520 995 597 disponenda
1020 525 1165 568 erant
1187 533 1201 566 ε

1081 603 1209 674 ἄγραν

182 703 301 779 Ἔφζ
325 701 485 760 {Ad-fico
511 700 589 771 γ’ἧν
614 696 747 764 ἔχοντ’
771 691 974 754 ἑπιςολῆς
1000 685 1272 748 Λακωνικῆς.

48 808 309 859 Caeterum
336 805 390 856 in
418 801 574 854 Suida
598 800 731 870 lege,
761 807 914 869 prout
937 792 1063 846 ordo
1085 790 1354 842 literarum

48 884 283 956 postulat,
323 875 794 947 Κειωανοπεποιημὲνοι.
871 872 1117 943 Ejusdem
1162 864 1357 937 generis

48 968 118 1020 est
156 962 610 1035 μεμελοπεποιημένοι,
650 960 787 1031 quod
831 960 962 1010 inter
1003 955 1099 1006 alia
1141 950 1358 1021 duplicis

9 1124 12 1127 Δ
50 1052 313 1122 augmenti
339 1048 573 1118 exempla
592 1046 785 1097 notavit
801 1038 1095 1092 Eustathius
1121 1038 1183 1088 ad
1209 1036 1271 1086 Il.
1289 1043 1358 1086 Ψ.

51 1147 105 1204 p.
136 1145 293 1200 1325,
325 1146 412 1198 33.
467 1126 659 1183 LocuS,
697 1137 856 1191 quem
884 1117 1031 1170 Idem
1058 1113 1213 1186 paulo
1240 1123 1360 1163 ante

53 1210 269 1283 profert,
298 1209 369 1260 est
391 1204 670 1260 Machonis
698 1202 834 1274 apud
864 1197 1181 1252 Athenaeum
1200 1193 1355 1247 VIII.

56 1311 111 1371 p.
147 1309 268 1364 341.
303 1292 368 1342 C.

131 1442 193 1494 Ρ.
219 1457 343 1512 333.
374 1437 412 1491 l.
434 1437 602 1504 8—9.
656 1428 1036 1488 Hemsterhufii
1057 1424 1363 1478 sententiam

59 1535 236 1576 tuetur
263 1521 484 1573 Koenius
513 1518 574 1568 ad
596 1516 818 1587 Gregor.
849 1533 902 1584 p.
924 1530 1044 1584 170.
1089 1506 1366 1579 agnoscens

62 1619 238 1658 tamen
283 1600 712 1678 elegantiffimam
761 1595 857 1648 effe
904 1591 1103 1667 Toupii
1153 1588 1366 1659 conjec-
1407 1633 1410 1635 .

62 1701 252 1745 turam.

143 1819 202 1881 P.
235 1845 358 1901 345.
399 1826 439 1878 1.
469 1842 522 1893 4.
588 1815 896 1875 Ποτανες-οἱταιν
922 1817 1121 1871 mavult
1148 1814 1367 1870 Koenius

65 1910 128 1968 ad
156 1910 474 1982 Gregorium
511 1926 564 1979 p.
601 1907 687 1979 85.

140 2067 201 2119 P.
221 2065 345 2138 346.
387 2063 566 2117 Multa
591 2060 644 2113 in
670 2057 872 2113 Cratini
891 2056 1025 2116 loco,
1056 2052 1137 2105 sed
1163 2049 1368 2112 frustra,

69 2149 287 2205 molitur
329 2146 588 2216 ToupiuS.
666 2143 810 2212 Lege
850 2156 974 2190 cum
1023 2133 1263 2187 Piersono
1305 2131 1369 2189 ad

66 2226 260 2279 Moerin
298 2244 353 2296 p.
386 2240 503 2293 391.
566 2219 705 2290 Ληρεῖς
731 2217 856 2282 ἔχων·
898 2215 1061 2283 γελοῖος
1084 2211 1179 2273 ἔςοᾳ
1205 2220 1373 2261 Κλεισ-

9 2302 13 2305 Ἲ
69 2310 197 2372 &fimf
221 2308 420 2361 vae6c0v.
476 2307 670 2359 Caetera
695 2303 807 2355 sunt
834 2297 1177 2353 Grammatici
1204 2294 1372 2346 Crati-

69 2415 195 2455 num
221 2394 330 2447 haec
356 2395 408 2448 in
432 2390 668 2467 Episodio
692 2386 865 2441 dixiffe
890 2382 1177 2438 indicantis·

145 2540 205 2592 P.
236 2555 355 2612 350.
393 2537 428 2589 l.
461 2551 546 2592 11.
613 2533 740 2587 Non
779 2528 1037 2585 notandum
1078 2525 1251 2584 mod0,
1291 2521 1373 2573 sed

75 2622 453 2677 emendandum
479 2618 678 2674 verbum
701 2614 831 2672 illud,
867 2609 1134 2676 ἐνιασχύνειν.
1198 2607 1376 2661 Mani-

77 2709 203 2768 festo
219 2707 357 2761 enim
372 2703 717 2779 reponendum
730 2701 1230 2754 ΑΝΑΙΣΧΎΝΤΕΙΝ,
1240 2689 1378 2761 quod

62 2798 93 2819 “
1323 2772 1376 2823 in
