1737 3085
342 210 446 265 500
630 188 1362 244 APPENDIX.

337 314 602 367 consuIant
624 313 679 364 in
707 310 888 363 eodem
905 326 1070 360 errore
1097 307 1378 360 versantem
1395 307 1644 362 Grotium

340 400 589 466 Excerpt.
638 414 689 465 p.
724 395 846 460 641.
877 392 968 461 qui
1007 409 1100 460 pro
1139 390 1447 442 tetrametris
1475 391 1641 443 unde·-

337 479 445 531 cim
503 476 779 528 duodecim
835 491 957 523 cum
1009 471 1228 522 dimidio
1274 473 1510 533 senari08‚
1559 472 1644 524 sed

336 560 581 613 miserum
613 559 664 607 in
696 553 912 606 modum
940 552 1304 614 claudicantes,
1338 554 1517 605 leetori
1549 571 1643 625 ap·

334 641 523 714 posuit.
603 638 848 689 Veterem
893 635 1035 686 enim
1067 635 1344 686 lectionem
1379 647 1455 687 ter
1477 646 1529 687 et
1549 637 1642 688 de-

336 724 441 775 cies
470 719 694 772 mutavit
716 742 733 780 5
774 729 1002 769 metrum
1029 716 1209 787 septies
1231 717 1440 767 violavit
1465 739 1482 776 ;
1523 736 1640 770 ver-

335 801 446 852 sum
481 818 509 850 a
542 806 667 848 ΤΩΙ
704 795 933 847 enclitico
967 792 1256 853 inchoavit3
1309 794 1551 846 soloecum
1589 793 1645 846 ἂν

336 880 527 949 ὑφάλετο
553 899 644 951 pro
670 879 703 930 el
726 876 920 949 ὑφείλετο
956 879 1035 931 vel
1072 876 1124 929 ἂν
1161 879 1372 946 ὑφέλητοᾳ
1409 877 1643 931 admifit!

337 968 498 1038 Lege,
1163 969 1167 971 ’

407 1058 600 1131 Aen-ap&
625 1056 835 1130 mpmosse'i
860 1055 1127 1127 Δημοκλῆςς
1156 1054 1297 1130 ζωμὸς
1321 1054 1644 1129 κοῖΙωνὸμοιςοᾳ.

407 1218 542 1270 Ibid.
582 1218 620 1268 1.
652 1233 736 1269 20.
806 1215 1159 1287 Antiphanem
1201 1216 1343 1270 aliter
1384 1230 1644 1272 tentarunt
1702 1275 1722 1283 κ

337 1303 682 1356 Ruhnkenius
724 1313 773 1351 et
810 1299 1241 1370 Wyttenbachius
1281 1301 1342 1353 ad
1384 1299 1642 1356 Plutarch.

335 1387 398 1438 de
426 1385 645 1438 S.N.V.
685 1403 737 1456 p.
769 1399 854 1454 25.
896 1384 977 1435 sed
1006 1402 1178 1436 vereor
1210 1402 1272 1436 ne
1310 1385 1518 1438 meliore
1555 1404 1645 1439 co-

335 1483 459 1523 natu
507 1488 664 1541 quam
708 1481 908 1520 eventu.
973 1469 1165 1538 Toupii
1207 1487 1322 1522 vero
1359 1471 1644 1540 conjectura

337 1567 561 1609 metrum
587 1551 858 1624 peffundat.
923 1552 1054 1604 Vide
1081 1553 1143 1604 ad
1171 1553 1305 1606 Part.
1331 1553 1401 1606 II.
1442 1572 1490 1625 p.
1516 1572 1642 1626 234.

410 1695 472 1746 P.
504 1695 585 1748 86.
623 1695 885 1763 ν.Ἠγὲτης·
926 1691 962 1746 εἷ
991 1692 1058 1752 δὶς
1094 1698 1181 1754 σᾶς
1217 1699 1343 1767 ἄγετ’
1377 1701 1646 1774 ἀθηροσύναις

336 1778 483 1831 MSS.
506 1781 634 1850 apud
656 1779 971 1832 Brunckium
992 1780 1120 1834 Not.
1139 1784 1199 1834 ad
1211 1785 1437 1838 Analeft.
1459 1807 1507 1860 p.
1524 1806 1646 1857 241.

339 1862 430 1933 qui
457 1874 627 1913 tamen
663 1862 808 1913 bonis
845 1863 1025 1916 oblatis
1068 1865 1141 1916 uti
1182 1878 1266 1917 aut
1307 1869 1514 1923 nescivit
1559 1884 1647 1925 aut

340 1946 523 1998 noluit.
597 1945 821 1999 Praetulit
859 1948 944 1999 ille
986 1947 1147 2000 ἄνθετο
1187 1969 1280 2021 pro
1320 1951 1469 2018 ἄγετο,
1508 1957 1646 2026 quod

340 2031 541 2100 longius
583 2030 747 2082 adhuc
788 2049 943 2101 quam
983 2033 1182 2104 vulgata
1216 2053 1244 2085 a
1278 2053 1395 2087 vero
1437 2041 1645 2093 recedit.

339 2112 452 2167 Aut
491 2115 628 2166 enirn
674 2115 834 2166 Suidae
867 2115 1015 2167 lectio
1041 2135 1162 2170 cum
1188 2119 1395 2190 Toupio
1422 2123 1643 2194 amplec-

300 2196 302 2199 ’
341 2199 509 2254 tenda,
535 2210 621 2249 aut
647 2215 710 2249 ex
735 2199 881 2249 MSS.
899 2200 1074 2253 iisdem
1098 2202 1255 2254 literis
1277 2206 1452 2258 eodem
1471 2208 1648 2261 ordine

340 2282 681 2338 manentibus,
719 2283 1081 2352 reponendum,

487 2375 578 2427 Τὸν
619 2375 791 2447 τράγον,
841 2385 897 2429 Ω
933 2387 1163 2434 ΔΙΣΣΑΣ
1203 2390 1412 2436 ΑΓΕΤΑ
1455 2394 1645 2441 ΘΗΡΟ-

755 2467 982 2515 ΣΤΝΑΣ.

417 2597 479 2651 Ρ.
509 2597 596 2671 87.
635 2600 666 2651 1.
696 2617 778 2655 12.
834 2602 989 2674 Σαφῶς
1011 2605 1283 2678 legendum
1309 2610 1524 2681 conjecit
1547 2612 1648 2665 Ca-

1402 2706 1648 2762 sanbonus
