1779 3095
355 161 1095 230 APPEND1x.
1281 173 1389 227 499

37 361 43 366 ,
163 301 228 354 Ρ.
259 296 345 372 58.
384 296 422 347 l.
445 311 497 366 7.
538 294 609 344 Et
629 289 729 341 hoc
751 284 1102 354 fragmentum
1130 277 1267 327 unde
1300 277 1390 326 de-

87 381 398 458 prompserit
424 376 622 434 SuidaS,
651 366 898 422 indicavit
922 359 1271 414 Ruhnkenius
1286 360 1392 428 Ep.

92 467 228 519 Crit.
259 483 313 536 p.
341 479 432 533 43.
462 459 540 509 ed.
570 473 648 527 pr.
677 469 767 525 74.
809 448 888 500 ed.
911 461 1031 497 τιον.

166 612 228 665 Ρ.
258 611 346 662 62.
387 608 426 659 1.
462 604 545 658 16.
612 596 906 651 Delendum
943 590 1139 645 videtur
1176 582 1401 657 ἐπαρθεὶς,

91 714 199 769 quo
236 686 498 761 κεπφωθεὶς
535 685 655 739 alibi
691 682 793 754 ipse
838 677 1011 731 Suidas
1050 674 1404 743 interpretatur

94 782 253 835 Tom.
278 779 344 832 Π.
384 795 431 848 p.
455 788 576 844 297.

169 929 229 980 P.
256 927 341 994 64.
378 924 414 975 l.
448 936 529 991 17.
590 918 718 986 Qae
747 912 809 965 ad
845 906 1075 962 ν.Ἐνᾶσ-α.
1114 912 1268 959 notat,
1298 900 1409 970 jam

101 1011 303 1066 dederat
329 1005 491 1079 Epist.
519 1002 648 1053 Crit.
691 1017 744 1069 p.
773 994 894 1065 596.

178 1163 239 1214 Ρ.
263 1158 353 1234 78.
396 1155 510 1222 1.8,
569 1152 630 1204 In
678 1149 856 1200 octavo
927 1136 1227 1211 Euphronis
1275 1132 1415 1186 versu

102 1246 215 1298 leve
276 1240 434 1294 metri
491 1234 676 1288 vitium
743 1223 1058 1300 praetervidit
1128 1217 1412 1287 Toupius:

103 1323 256 1394 μέλεος
281 1320 420 1371 enim
448 1311 720 1367 secundam
746 1303 973 1374 corripit.
1036 1299 1173 1368 Lege
1201 1312 1334 1363 ergo,

254 1412 410 1484 Ζωμὶς
436 1419 518 1463 ΔΕ
545 1406 694 1476 μέλας
720 1400 880 1469 ἐγένετο
906 1394 1071 1468 πρώτῳ
1097 1387 1344 1461 Λαμπρίᾳ.

108 1526 170 1579 In
190 1522 430 1580 vicesimo
451 1517 619 1589 primo
636 1509 927 1563 Athenaeus,
950 1504 1067 1554 Τότε
1093 1491 1422 1568 λευκοκξὲων-

108 1609 250 1681 quod
280 1606 447 1658 minus
477 1599 706 1672 prospero
744 1587 959 1645 succeffu
999 1583 1212 1637 tentavit
1251 1578 1422 1628 Hem-

111 1691 379 1747 sterhufius
419 1686 482 1738 ad
514 1677 770 1750 Aristoph.
800 1677 938 1729 Plut.
980 1690 1031 1742 p.
1057 1685 1122 1737 43
1135 1682 1182 1734 5.
1243 1663 1423 1729 Longe

113 1777 307 1851 praestat
332 1770 505 1824 Nostri
532 1763 834 1818 emendatio,
874 1758 955 1810 sed
991 1753 1185 1810 malim,
1226 1745 1425 1818 paullu-

113 1864 224 1915 lum
262 1860 327 1912 ob
371 1869 606 1909 numeros
650 1858 850 1900 mutato
892 1840 1084 1894 ordine,
1133 1832 1264 1903 Λύκῳ
1304 1825 1429 1900 κρεῶν

118 1945 205 1999 τότ’

200 2080 260 2131 Ρ.
286 2094 377 2150 79.
417 2074 455 2125 l.
493 2090 572 2123 10.
615 2070 675 2119 In
702 2059 1081 2118 Anaxandridae
1101 2055 1245 2107 versu
1273 2049 1428 2104 nimis

123 2162 302 2216 audaci
336 2155 627 2225 conjectura
654 2146 802 2214 μέλας
842 2143 1061 2214 supplet,
1102 2149 1432 2203 erroremque

125 2243 367 2302 eundem,
410 2254 567 2310 quem
597 2234 743 2302 supra
776 2225 1047 2298 aiiquoties
1076 2220 1244 2288 tetigi,
1280 2233 1431 2266 com-

126 2327 309 2380 mittit.
390 2318 618 2372 senarios
663 2313 801 2364 enim
850 2327 914 2360 ex
948 2302 1251 2357 tetrametris
1285 2296 1430 2355 fecit,

128 2408 266 2480 quod
318 2404 506 2456 fecerat
545 2399 703 2449 ctiam
730 2392 986 2463 Taylorus
1030 2387 1089 2436 ad
1119 2377 1431 2434 Demosthe-

130 2509 248 2542 nem
263 2500 442 2538 contra
460 2482 598 2533 Mid.
630 2498 682 2550 p.
720 2475 837 2545 185.
865 2473 958 2524 Sed
986 2481 1042 2518 ut
1063 2467 1255 2516 discant
1287 2462 1323 2511 ii
1344 2458 1436 2527 qui

132 2590 242 2625 rem
275 2569 544 2622 metricam
587 2560 858 2630 negligunt
896 2568 1053 2623 quam
1093 2541 1437 2618 periculosum

135 2654 196 2708 fit
215 2654 270 2705 in
294 2650 491 2703 Critico
514 2643 728 2697 flumine
753 2639 854 2690 fine
880 2636 981 2688 hoc
1023 2630 1215 2682 cortice
1247 2635 1435 2680 natare,

703 2729 729 2779 Ι
756 2729 773 2778 i
814 2741 844 2776 2
1183 2710 1443 2765 consulant
