1737 3085
371 164 476 236 466
661 163 1391 220 APPENDIX.

369 282 647 338 Dawefius‚
674 280 898 350 fulcrum
924 282 1073 334 metri
1088 281 1219 350 satis
1239 281 1445 350 firmum
1470 281 1582 354 effla
1622 298 1669 338 et

366 366 508 439 abeff’
524 357 645 438 po'ſjk
670 372 763 425 ΣΕ,
802 365 950 424 nulla,
989 374 1041 414 ut
1076 364 1281 422 videtur,
1299 367 1558 436 fintentiae
1587 368 1667 421 in-

351 450 498 523 juria
520 462 608 503 aut
632 449 917 519 obstaritate
936 450 959 497 Ι

512 556 568 596 Ω
591 549 893 607 ΦΙΛΟΤΗΣ,
927 549 1131 593 ΠΟΙΟΝ
1158 551 1234 594 ΣΕ
1258 551 1427 597 ΕΠΟΣ
1453 552 1664 596 ΦΥΓΕΝ

730 634 932 678 ΕΡΚΟΣ
957 634 1325 688 ΟΔΟΝΤΩΝς

440 780 500 830 Ρ.
519 795 603 848 43.
628 777 662 827 l.
685 793 733 841 4.
783 773 1041 845 Euripidis
1069 774 1313 826 editiones
1340 771 1381 825 ἓν
1405 776 1670 828 omittunt.

368 851 526 907 Unde
553 852 824 905 certiffime
852 852 1201 922 MusgraviuS,

509 941 704 994 Θάνατον
727 938 891 1011 οὶμῧναᾷ
914 941 961 1008 γ’
984 949 1310 993 ΑΝΤΕΧΩΝ
1337 938 1480 1002 ἀλκὴν
1504 940 1643 1010 μόνον.

447 1096 508 1147 P.
530 1095 615 1164 46.
675 1095 905 1146 Priorem
931 1093 1196 1164 Euripidis
1225 1092 1444 1153 versum,
1481 1065 1688 1146 colluto*

367 1177 726 1228 Valckenaerio
753 1177 813 1227 ad
841 1175 1027 1227 Phoen.
1056 1192 1182 1246 431.
1225 1175 1290 1225 fic
1317 1175 1453 1246 lego,

495 1265 557 1318 Σῦ
581 1260 641 1323 σῳ,
667 1260 703 1316 ὦ
723 1257 880 1339 γεξεαέ,
907 1272 1130 1316 ΤΗΝΔΕ
1157 1273 1350 1315 ΠΑῙΔΑ
1375 1258 1465 1318 δοὺς
1491 1262 1668 1334 ἐμοὶ-

366 1375 426 1426 In
453 1373 608 1426 altero
635 1370 777 1444 νομίζῃ
805 1374 935 1423 reste
961 1370 1115 1423 habet
1142 1371 1357 1423 Photius
1384 1370 1500 1422 MS.

441 1534 502 1583 P.
534 1494 617 1597 58.
655 1528 691 1580 l.
728 1547 810 1597 19.
886 1529 1044 1580 Rche
1087 1527 1209 1591 χάριν
1250 1527 1499 1598 Toupiu8‚
1547 1545 1666 1597 pro-

360 1613 516 1665 bante
543 1606 897 1659 Valckenaerio
929 1606 991 1658 ad
1027 1604 1298 1659 Theocrit.
1339 1603 1657 1658 Adoniazus.

364 1714 420 1766 P·
452 1708 574 1761 254-

437 1838 573 1890 Ibid.
614 1836 652 1888 1.
678 1853 731 1904 4.
799 1833 1050 1904 Hesychii
1076 1832 1286 1902 gloffam
1321 1831 1493 1903 postea
1532 1843 1661 1883 trac-

365 1921 492 1973 tavit
508 1920 662 1971 etiam
680 1917 976 1988 Lennepius
996 1916 1055 1966 ad
1075 1915 1276 1966 Phalar.
1307 1933 1358 1985 p.
1374 1932 1463 1986 73.
1504 1931 1663 1985 quem

362 2002 593 2073 sequitur
618 2000 905 2052 Brunckius
933 1997 993 2049 ad
1016 1995 1257 2067 Sophocl.
1281 1994 1466 2065 fragm.
1496 2014 1546 2067 p.
1571 2012 1658 2063 24.

360 2084 581 2144 Neuter,
609 2100 724 2134 mea
748 2080 1012 2140 sententia,
1040 2097 1150 2129 rem
1170 2096 1263 2129 acu
1285 2078 1475 2147 tetigit.
1507 2078 1659 2128 Tou-

360 2168 450 2238 pio
477 2167 532 2216 in
560 2165 757 2216 ultimis
785 2163 1008 2221 accedo,
1049 2161 1103 2212 in
1143 2160 1301 2229 priori
1339 2172 1482 2229 parte
1520 2157 1657 2229 l,ego
1697 2197 1700 2202 .

359 2249 418 2296 Οἱ
447 2241 602 2304 Σκύθαι
626 2264 704 2293 των
730 2238 1070 2310 λειμζανομὲνων
1095 2245 1446 2291 ΠΟΛΕΜΙΩΝ
1472 2234 1551 2291 τὰς
1583 2256 1660 2289 κε-

359 2327 525 2396 §bomar

428 2469 488 2520 Ρ.
508 2485 593 2537 59.
632 2468 670 2519 l.
693 2466 785 2518 ult.
838 2465 957 2531 Sine
983 2463 1219 2534 exemplo
1245 2474 1368 2526 χαλε
1370 2484 1452 2516 πος
1478 2461 1530 2512 in
1557 2460 1657 2512 foe-

357 2547 559 2598 minino
586 2562 771 2615 genere
797 2526 1130 2612 Aristophani
1168 2540 1404 2592 obtrudit
1446 2537 1653 2591 Noster.

355 2624 514 2678 Reete
528 2623 660 2676 Daw
649 2622 786 2674 efius
805 2634 854 2674 et
868 2618 1169 2679 Brunckius,
1194 2614 1377 2685 xamen-n
1399 2625 1551 2671 ΤΩΝ
1570 2636 1653 2681 γυ-
1677 2656 1683 2665 .

1505 2718 1653 2752 rounam
